path	name	ext	bucket	duration_seconds	sample_rate	channels	bpm	size_bytes	modified_epoch
organized/bass/bass_15_free_808_bass_sounds_pack_royalty_free_samples_0kjms-hsb1e.wav	bass_15_free_808_bass_sounds_pack_royalty_free_samples_0kjms-hsb1e.wav	wav	bass	48.40	44100	2		8538194	1783802741
organized/bass/synths_from_bass_to_lead_-_melodic_techno_diva_presets_free_midi_fl_studio_project_boop8fjyje8.wav	synths_from_bass_to_lead_-_melodic_techno_diva_presets_free_midi_fl_studio_project_boop8fjyje8.wav	wav	bass	430.79	44100	2		75991122	1783802749
organized/drums/drums_170_free_drum_kit_-_doomsday_free_drum_kit_download_2026_7nrkragyuus.wav	drums_170_free_drum_kit_-_doomsday_free_drum_kit_download_2026_7nrkragyuus.wav	wav	drums	156.18	44100	2		27549778	1783802741
organized/drums/drums_500_royalty_free_kick_drum_samples_loops_free_edm_samples_pack_vol._6_nagstyh_e_0.wav	drums_500_royalty_free_kick_drum_samples_loops_free_edm_samples_pack_vol._6_nagstyh_e_0.wav	wav	drums	131.22	44100	2		23146578	1783802741
organized/drums/drums_789_free_edm_trap_drum_samples_loops_free_drums_mega_pack_il0_dpyt9wi.wav	drums_789_free_edm_trap_drum_samples_loops_free_drums_mega_pack_il0_dpyt9wi.wav	wav	drums	73.61	44100	2		12984402	1783802741
organized/drums/drums_7_best_free_drum_vsts_in_2026_xexgupoqxje.wav	drums_7_best_free_drum_vsts_in_2026_xexgupoqxje.wav	wav	drums	557.23	44100	2		98294862	1783802741
organized/drums/drums_david_lee_jr_-_cosmic_vision_drum_break_-_loop_zdcrvgjkjp0.wav	drums_david_lee_jr_-_cosmic_vision_drum_break_-_loop_zdcrvgjkjp0.wav	wav	drums	30.05	44100	2		5300306	1783802742
organized/drums/drums_every_producer_needs_this_free_sauce_vsts_sounds_drum_kits_sites_ija_a1b14jk.wav	drums_every_producer_needs_this_free_sauce_vsts_sounds_drum_kits_sites_ija_a1b14jk.wav	wav	drums	188.01	44100	2		33165094	1783802742
organized/drums/drums_free_drum_kit_2023_free_hq_download_edm_deep_house_chillstep_future_bass_etc_xsyn-3ze0ng.wav	drums_free_drum_kit_2023_free_hq_download_edm_deep_house_chillstep_future_bass_etc_xsyn-3ze0ng.wav	wav	drums	204.88	44100	2		36141138	1783802742
organized/drums/drums_free_drum_n_bass_drum_kit_2026_free_drum_kit_download_gnwf6any0-8.wav	drums_free_drum_n_bass_drum_kit_2026_free_drum_kit_download_gnwf6any0-8.wav	wav	drums	194.42	44100	2		34295890	1783802742
organized/drums/drums_free_exotic_edm_drum_kit_loops_midis_vocal_loops_free_drum_kit_2026_ote2vaqg7x8.wav	drums_free_exotic_edm_drum_kit_loops_midis_vocal_loops_free_drum_kit_2026_ote2vaqg7x8.wav	wav	drums	826.13	44100	2		145729998	1783802742
organized/drums/drums_free_royalty_free_drum_breaks_percussion_loops_raw_rhythms_boom_bap_hip_hop_old_school_lofi_amvyznkhasg.wav	drums_free_royalty_free_drum_breaks_percussion_loops_raw_rhythms_boom_bap_hip_hop_old_school_lofi_amvyznkhasg.wav	wav	drums	454.01	44100	2		80087122	1783802742
organized/drums/drums_high_quality_free_edm_drum_samples_by_wave_alchemy_8odqe8wpaoa.wav	drums_high_quality_free_edm_drum_samples_by_wave_alchemy_8odqe8wpaoa.wav	wav	drums	284.33	44100	2		50155602	1783802743
organized/drums/drums_high_quality_free_edm_drum_samples_by_wave_alchemy_pv_skfz2w5i.wav	drums_high_quality_free_edm_drum_samples_by_wave_alchemy_pv_skfz2w5i.wav	wav	drums	275.06	44100	2		48521298	1783802743
organized/drums/drums_jazz_drum_loops_jazz_drums_backing_tracks_and_jazz_drum_breaks_samples_tzyksqcvkf8.wav	drums_jazz_drum_loops_jazz_drums_backing_tracks_and_jazz_drum_breaks_samples_tzyksqcvkf8.wav	wav	drums	59.44	44100	2		10485842	1783802743
organized/drums/drums_no_copyright_music_drum_breaks_collection_q68zfjua_is.wav	drums_no_copyright_music_drum_breaks_collection_q68zfjua_is.wav	wav	drums	143.93	44100	2		25389138	1783554557
organized/drums/drums_real_drum_samples_-_free_real_drums_soundpacks_0jpr2urfuww.wav	drums_real_drum_samples_-_free_real_drums_soundpacks_0jpr2urfuww.wav	wav	drums	36.35	44100	2		6412574	1783802743
organized/drums/drums_royalty-free_edm_drum_fills_-_sample_pack_high_quality_qfbjbpcgl4a.wav	drums_royalty-free_edm_drum_fills_-_sample_pack_high_quality_qfbjbpcgl4a.wav	wav	drums	38.65	44100	2		6817874	1783802743
organized/drums/drums_royalty_free_dancehall_drum_kit_2025_-_jango_m0e23lx6ixq.wav	drums_royalty_free_dancehall_drum_kit_2025_-_jango_m0e23lx6ixq.wav	wav	drums	15.38	44100	2		2713346	1783802743
organized/drums/drums_royalty_free_drum_breaks_percussion_loops_raw_rhythms_3_boom_bap_hip_hop_old_school_lofi_g5njofib9ia.wav	drums_royalty_free_drum_breaks_percussion_loops_raw_rhythms_3_boom_bap_hip_hop_old_school_lofi_g5njofib9ia.wav	wav	drums	298.28	44100	2		52617298	1783802744
organized/drums/drums_the_best_free_drum_kits_every_producer_needs_in_2021_for_any_genre_qjuvwegowai.wav	drums_the_best_free_drum_kits_every_producer_needs_in_2021_for_any_genre_qjuvwegowai.wav	wav	drums	496.01	44100	2		87496786	1783802744
organized/drums/drums_where_to_find_free_drum_kits_samples_all_the_drum_sounds_you_need_and_how_to_use_them_like_a_pro_bg6ekvlww1g.wav	drums_where_to_find_free_drum_kits_samples_all_the_drum_sounds_you_need_and_how_to_use_them_like_a_pro_bg6ekvlww1g.wav	wav	drums	886.07	44100	2		156303442	1783802745
organized/drums/jungle_35_classic_jungle_drum_bass_breaks_-_a_to_z_hicxfsrjzn0.wav	jungle_35_classic_jungle_drum_bass_breaks_-_a_to_z_hicxfsrjzn0.wav	wav	drums	50.85	44100	2		8970322	1783802745
organized/drums/synths_techno_samples_-_serious_techno_2_-_royalty_free_drum_samples_basslines_synth_melodies_loops_vox_1zu10eyl2nc.wav	synths_techno_samples_-_serious_techno_2_-_royalty_free_drum_samples_basslines_synth_melodies_loops_vox_1zu10eyl2nc.wav	wav	drums	140.31	44100	2		24750162	1783802751
organized/fx/spoken_word_voice_over_lines_for_every_scene_-_royalty_free_voice_sfx_bundle_-rgkb4wyuwk.wav	spoken_word_voice_over_lines_for_every_scene_-_royalty_free_voice_sfx_bundle_-rgkb4wyuwk.wav	wav	keys	40.68	44100	2		7176438	1783802748
organized/fx/textures_free_sound_effects_-_analog_tape_noise_1_iv48t8cngim.wav	textures_free_sound_effects_-_analog_tape_noise_1_iv48t8cngim.wav	wav	keys	2.17	44100	2		383058	1783802751
organized/fx/textures_vinyl_crackling_sound_effect_free_download_lqkylpgnjey.wav	textures_vinyl_crackling_sound_effect_free_download_lqkylpgnjey.wav	wav	keys	202.57	44100	2		35733586	1783802752
organized/guitar/guitar_the_dirty_diary_the_dark_room_psychedelic_instrumental_guitar_improv_6kobfiskne4.wav	guitar_the_dirty_diary_the_dark_room_psychedelic_instrumental_guitar_improv_6kobfiskne4.wav	wav	keys	578.30	44100	2		102013010	1783802745
organized/guitar/psychedelic_rock_m87_-_70s_psychedelic_rock_with_guitar_solo_royalty_free_music_fwlcpp2bi9e.wav	psychedelic_rock_m87_-_70s_psychedelic_rock_with_guitar_solo_royalty_free_music_fwlcpp2bi9e.wav	wav	keys	183.82	44100	2		32426066	1783802746
organized/loops/psychedelic_rock_beam_me_up_scotty_-_royalty_free_psychedelic_rock_no_copyright_retro_slow_rock_5sr2x_3vuis.wav	psychedelic_rock_beam_me_up_scotty_-_royalty_free_psychedelic_rock_no_copyright_retro_slow_rock_5sr2x_3vuis.wav	wav	keys	243.76	44100	2		42999890	1783802746
organized/loops/psychedelic_rock_free_psychedelic_sample_pack_-_kaleidoscope_a_ap_rocky_q8zwrxg2ilk.wav	psychedelic_rock_free_psychedelic_sample_pack_-_kaleidoscope_a_ap_rocky_q8zwrxg2ilk.wav	wav	keys	130.09	44100	2		22947922	1783802746
organized/loops/psychedelic_rock_free_tame_impala_x_psychedelic_rock_type_beat_-_graffiti_dust_rvkxegifb2k.wav	psychedelic_rock_free_tame_impala_x_psychedelic_rock_type_beat_-_graffiti_dust_rvkxegifb2k.wav	wav	keys	198.30	44100	2		34979922	1783802746
organized/loops/psychedelic_rock_phasing_-_no_copyright_light_psychedelic_rock_royalty_free_hildvlldsze.wav	psychedelic_rock_phasing_-_no_copyright_light_psychedelic_rock_royalty_free_hildvlldsze.wav	wav	keys	240.07	44100	2		42348622	1783802746
organized/loops/psychedelic_rock_pipe_choir_infinite_light_psych_rock_from_royalty_free_planettm_bny9o1kfkti.wav	psychedelic_rock_pipe_choir_infinite_light_psych_rock_from_royalty_free_planettm_bny9o1kfkti.wav	wav	keys	293.05	44100	2		51693650	1783802747
organized/loops/psychedelic_rock_psytrance_sample_pack_-_royalty-free_psychedelic_sounds_p1azhnqcgng.wav	psychedelic_rock_psytrance_sample_pack_-_royalty-free_psychedelic_sounds_p1azhnqcgng.wav	wav	keys	88.63	44100	2		15634514	1783802747
organized/loops/samples_why_do_i_keep_having_copyright_issues_with_royalty_free_samples_7abzskksyzm.wav	samples_why_do_i_keep_having_copyright_issues_with_royalty_free_samples_7abzskksyzm.wav	wav	keys	495.98	44100	2		87490642	1783802747
organized/loops/spoken_word_epic_trailer_voice_available_wanna_make_your_own_trailers_bks502hsjec.wav	spoken_word_epic_trailer_voice_available_wanna_make_your_own_trailers_bks502hsjec.wav	wav	keys	423.72	44100	2		74743890	1783802747
organized/loops/spoken_word_open_culture_voices_vlog_series_-_introduction_w2s5ov-7mzo.wav	spoken_word_open_culture_voices_vlog_series_-_introduction_w2s5ov-7mzo.wav	wav	keys	133.14	44100	2		23486546	1783802747
organized/loops/spoken_word_top_5_films_entering_2026_public_domain_must_watch_cult_classic_movies_from_1930_lzwyfhbqdci.wav	spoken_word_top_5_films_entering_2026_public_domain_must_watch_cult_classic_movies_from_1930_lzwyfhbqdci.wav	wav	keys	170.82	44100	2		30132018	1783802747
organized/synth/synths_100_free_one_shot_synth_samples_-_by_the_free_sounds_website_pxk7ui12s8a.wav	synths_100_free_one_shot_synth_samples_-_by_the_free_sounds_website_pxk7ui12s8a.wav	wav	keys	58.39	44100	2		10299474	1783802748
organized/synth/synths_background_loop_melodic_techno_-_no_copyright_music_9ympagtltui.wav	synths_background_loop_melodic_techno_-_no_copyright_music_9ympagtltui.wav	wav	keys	46.06	44100	2		8124498	1783802748
organized/synth/synths_catalyst_samples_enlightened_melodic_techno_sample_pack_cgkxmkpeu1c.wav	synths_catalyst_samples_enlightened_melodic_techno_sample_pack_cgkxmkpeu1c.wav	wav	keys	90.00	44100	2		15876178	1783802748
organized/synth/synths_catalyst_samples_enlightened_melodic_techno_sample_pack_unrb9bgnjog.wav	synths_catalyst_samples_enlightened_melodic_techno_sample_pack_unrb9bgnjog.wav	wav	keys	90.00	44100	2		15876178	1783802748
organized/synth/synths_dance_trance_techno_synth_loops_wavrex2_o8peznfj9_e.wav	synths_dance_trance_techno_synth_loops_wavrex2_o8peznfj9_e.wav	wav	keys	59.92	44100	2		10569810	1783802748
organized/synth/synths_deep_melodic_techno_mega_bundle_huge_collection_of_samples_for_melodic_house_techno_ule0nt1jflc.wav	synths_deep_melodic_techno_mega_bundle_huge_collection_of_samples_for_melodic_house_techno_ule0nt1jflc.wav	wav	keys	33.44	44100	2		5898322	1783802748
organized/synth/synths_free_melodic_techno_sample_pack_2025_inspired_by_argy_anyma_artbat_9nguxendqee.wav	synths_free_melodic_techno_sample_pack_2025_inspired_by_argy_anyma_artbat_9nguxendqee.wav	wav	keys	302.72	44100	2		53399630	1783802749
organized/synth/synths_free_melodic_techno_sample_pack_2026_-_download_link_in_description_5-pkbolgwmg.wav	synths_free_melodic_techno_sample_pack_2026_-_download_link_in_description_5-pkbolgwmg.wav	wav	keys	347.76	44100	2		61344942	1783802749
organized/synth/synths_melodic_house_techno_vol.2_samples_vhpiog5ckkk.wav	synths_melodic_house_techno_vol.2_samples_vhpiog5ckkk.wav	wav	keys	123.26	44100	2		21743698	1783802749
organized/synth/synths_melodic_synth_solo_-_royalty_free_sounds_-qx-3zw2ppe.wav	synths_melodic_synth_solo_-_royalty_free_sounds_-qx-3zw2ppe.wav	wav	keys	15.57	44100	2		2746450	1783802749
organized/synth/synths_melodic_techno_synth_loop_116_kyxiubbh3kw.wav	synths_melodic_techno_synth_loop_116_kyxiubbh3kw.wav	wav	keys	10.65	44100	2		1878098	1783802750
organized/synth/synths_modular_madness_techno_by_loopmasters_modular_techno_loops_samples_sounds_5q0lz_o_fb0.wav	synths_modular_madness_techno_by_loopmasters_modular_techno_loops_samples_sounds_5q0lz_o_fb0.wav	wav	keys	59.07	44100	2		10420306	1783802750
organized/synth/synths_sample_pack_-_melodic_techno_tdaudio_hpxvawfwtjs.wav	synths_sample_pack_-_melodic_techno_tdaudio_hpxvawfwtjs.wav	wav	keys	92.69	44100	2		16351118	1783802750
organized/synth/synths_stranger_synths_-_royalty_free_analogue_synth_samples_-_loopmasters_rbx3ufdh_oe.wav	synths_stranger_synths_-_royalty_free_analogue_synth_samples_-_loopmasters_rbx3ufdh_oe.wav	wav	keys	25.05	44100	2		4419662	1783802750
organized/synth/synths_techno_noir_royalty_free_dark_room_techno_loops_d9pbidnq4ic.wav	synths_techno_noir_royalty_free_dark_room_techno_loops_d9pbidnq4ic.wav	wav	keys	261.84	44100	2		46188626	1783802750
organized/synth/synths_techno_synth_samples_-_royalty-free_techno_synth_one-shots_loops_midi_files_d8wms987dzw.wav	synths_techno_synth_samples_-_royalty-free_techno_synth_one-shots_loops_midi_files_d8wms987dzw.wav	wav	keys	25.96	44100	2		4579830	1783802751
organized/synth/synths_techno_synths_2_sample_pack_-_royalty-free_synth_loops_midi_files_qgkjeffuip0.wav	synths_techno_synths_2_sample_pack_-_royalty-free_synth_loops_midi_files_qgkjeffuip0.wav	wav	keys	191.84	44100	2		33841234	1783802751
organized/synth/synths_zeus_melodic_techno_v3_royalty_free_melodic_techno_progressive_trance_samples_nvkyn9hcml4.wav	synths_zeus_melodic_techno_v3_royalty_free_melodic_techno_progressive_trance_samples_nvkyn9hcml4.wav	wav	keys	59.12	44100	2		10428498	1783802751
organized/vocal/adlibs_22_vocal_ad-lib_effects_free_samples_-h71skjzq8c.wav	adlibs_22_vocal_ad-lib_effects_free_samples_-h71skjzq8c.wav	wav	keys	36.00	44100	2		6350930	1783802740
organized/vocal/adlibs_acapella_female_vocal_sample_-_distance_loop_cqsbqstpmdk.wav	adlibs_acapella_female_vocal_sample_-_distance_loop_cqsbqstpmdk.wav	wav	keys	16.27	44100	2		2869330	1783802741
organized/vocal/female_vocals_acapella_cinematic_middle_eastern_female_vocals_sample_pack_-demo-phrases_sample-arabian_sample_pack_mqufseyt3z4.wav	female_vocals_acapella_cinematic_middle_eastern_female_vocals_sample_pack_-demo-phrases_sample-arabian_sample_pack_mqufseyt3z4.wav	wav	keys	130.43	44100	2		23008286	1783802745
organized/vocal/female_vocals_free_female_phone_call_samples_lbjvn6gskce.wav	female_vocals_free_female_phone_call_samples_lbjvn6gskce.wav	wav	keys	30.06	44100	2		5302354	1783802745
organized/vocal/vocal_textures_5_creative_vocal_effects_every_musician_should_know_j1ga8a_hetw.wav	vocal_textures_5_creative_vocal_effects_every_musician_should_know_j1ga8a_hetw.wav	wav	keys	55.66	44100	2		9818202	1783802752
organized/vocal/vocal_textures_monplaisir_-_echoing_your_voice_creative_commons_music_2ueq6z-vkck.wav	vocal_textures_monplaisir_-_echoing_your_voice_creative_commons_music_2ueq6z-vkck.wav	wav	keys	243.01	44100	2		42866770	1783802752
organized/vocal/vocals_free_arcade_vocal_samples_hooked_vocal_chops_pg_6kn8jhec.wav	vocals_free_arcade_vocal_samples_hooked_vocal_chops_pg_6kn8jhec.wav	wav	keys	40.73	44100	2		7184466	1783802752
packs/dusty_drums/chops/slice_03n001.wav	slice_03n001.wav	wav	drums	5.58	44100	2		984128	1783549285
packs/dusty_drums/chops/slice_03n002.wav	slice_03n002.wav	wav	drums	0.34	44100	2		59636	1783549285
packs/dusty_drums/chops/slice_03n003.wav	slice_03n003.wav	wav	drums	0.33	44100	2		58528	1783549285
packs/dusty_drums/chops/slice_03n004.wav	slice_03n004.wav	wav	drums	0.34	44100	2		60664	1783549285
packs/dusty_drums/chops/slice_03n005.wav	slice_03n005.wav	wav	drums	0.33	44100	2		58752	1783549284
packs/dusty_drums/chops/slice_03n006.wav	slice_03n006.wav	wav	drums	0.34	44100	2		59552	1783549285
packs/dusty_drums/chops/slice_03n007.wav	slice_03n007.wav	wav	drums	0.33	44100	2		58840	1783549285
packs/dusty_drums/chops/slice_03n008.wav	slice_03n008.wav	wav	drums	0.32	44100	2		57128	1783549285
packs/dusty_drums/chops/slice_03n009.wav	slice_03n009.wav	wav	drums	0.42	44100	2		74988	1783549284
packs/dusty_drums/chops/slice_03n010.wav	slice_03n010.wav	wav	drums	2.02	44100	2		355916	1783549285
packs/dusty_drums/chops/slice_03n011.wav	slice_03n011.wav	wav	drums	8.02	44100	2		1414172	1783549284
packs/dusty_drums/chops/slice_03n012.wav	slice_03n012.wav	wav	drums	3.89	44100	2		686616	1783549284
packs/dusty_drums/chops/slice_03n013.wav	slice_03n013.wav	wav	drums	3.78	44100	2		666280	1783549285
packs/dusty_drums/chops/slice_03n014.wav	slice_03n014.wav	wav	drums	3.80	44100	2		669984	1783549285
packs/dusty_drums/chops/slice_03n015.wav	slice_03n015.wav	wav	drums	0.16	44100	2		28056	1783549284
packs/dusty_drums/chops/slice_03n016.wav	slice_03n016.wav	wav	drums	0.15	44100	2		27380	1783549284
packs/dusty_drums/chops/slice_03n017.wav	slice_03n017.wav	wav	drums	0.16	44100	2		28296	1783549285
packs/dusty_drums/chops/slice_03n018.wav	slice_03n018.wav	wav	drums	0.15	44100	2		27056	1783549285
packs/dusty_drums/chops/slice_03n019.wav	slice_03n019.wav	wav	drums	0.16	44100	2		28068	1783549285
packs/dusty_drums/chops/slice_03n020.wav	slice_03n020.wav	wav	drums	0.16	44100	2		27740	1783549284
packs/dusty_drums/chops/slice_03n021.wav	slice_03n021.wav	wav	drums	0.16	44100	2		28268	1783549285
packs/dusty_drums/chops/slice_03n022.wav	slice_03n022.wav	wav	drums	0.15	44100	2		27108	1783549284
packs/dusty_drums/chops/slice_03n023.wav	slice_03n023.wav	wav	drums	0.30	44100	2		52140	1783549284
packs/dusty_drums/chops/slice_03n024.wav	slice_03n024.wav	wav	drums	0.77	44100	2		135692	1783549285
packs/dusty_drums/chops/slice_03n025.wav	slice_03n025.wav	wav	drums	0.77	44100	2		135256	1783549285
packs/dusty_drums/chops/slice_03n026.wav	slice_03n026.wav	wav	drums	0.76	44100	2		134800	1783549285
packs/dusty_drums/chops/slice_03n027.wav	slice_03n027.wav	wav	drums	0.48	44100	2		83896	1783549285
packs/dusty_drums/chops/slice_03n028.wav	slice_03n028.wav	wav	drums	7.52	44100	2		1326984	1783549285
packs/dusty_drums/chops/slice_03n029.wav	slice_03n029.wav	wav	drums	3.78	44100	2		666628	1783549284
packs/dusty_drums/chops/slice_03n030.wav	slice_03n030.wav	wav	drums	2.66	44100	2		469056	1783549284
packs/dusty_drums/chops/slice_03n031.wav	slice_03n031.wav	wav	drums	3.78	44100	2		666704	1783549284
packs/dusty_drums/chops/slice_03n032.wav	slice_03n032.wav	wav	drums	7.46	44100	2		1315704	1783549285
packs/dusty_drums/chops/slice_03n033.wav	slice_03n033.wav	wav	drums	3.64	44100	2		642616	1783549284
packs/dusty_drums/chops/slice_03n034.wav	slice_03n034.wav	wav	drums	0.26	44100	2		45384	1783549285
packs/dusty_drums/chops/slice_03n035.wav	slice_03n035.wav	wav	drums	0.73	44100	2		128744	1783549284
packs/dusty_drums/chops/slice_03n036.wav	slice_03n036.wav	wav	drums	0.29	44100	2		51988	1783549285
packs/dusty_drums/chops/slice_03n037.wav	slice_03n037.wav	wav	drums	0.26	44100	2		45936	1783549285
packs/dusty_drums/chops/slice_03n038.wav	slice_03n038.wav	wav	drums	0.73	44100	2		128788	1783549285
packs/dusty_drums/chops/slice_03n039.wav	slice_03n039.wav	wav	drums	0.31	44100	2		53868	1783549285
packs/dusty_drums/chops/slice_03n040.wav	slice_03n040.wav	wav	drums	0.19	44100	2		32984	1783549285
packs/dusty_drums/chops/slice_03n041.wav	slice_03n041.wav	wav	drums	0.35	44100	2		62084	1783549285
packs/dusty_drums/chops/slice_03n042.wav	slice_03n042.wav	wav	drums	0.20	44100	2		36044	1783549285
packs/dusty_drums/chops/slice_03n043.wav	slice_03n043.wav	wav	drums	0.35	44100	2		62304	1783549284
packs/dusty_drums/chops/slice_03n044.wav	slice_03n044.wav	wav	drums	0.19	44100	2		32752	1783549285
packs/dusty_drums/chops/slice_03n045.wav	slice_03n045.wav	wav	drums	0.35	44100	2		62356	1783549284
packs/dusty_drums/chops/slice_03n046.wav	slice_03n046.wav	wav	drums	0.20	44100	2		35736	1783549284
packs/dusty_drums/chops/slice_03n047.wav	slice_03n047.wav	wav	drums	0.36	44100	2		63388	1783549285
packs/dusty_drums/chops/slice_03n048.wav	slice_03n048.wav	wav	drums	7.26	44100	2		1280000	1783549284
packs/dusty_drums/chops/slice_03n049.wav	slice_03n049.wav	wav	drums	3.54	44100	2		624160	1783549285
packs/dusty_drums/chops/slice_03n050.wav	slice_03n050.wav	wav	drums	3.53	44100	2		622616	1783549285
packs/dusty_drums/chops/slice_03n051.wav	slice_03n051.wav	wav	drums	6.82	44100	2		1203280	1783549285
packs/dusty_drums/chops/slice_03n052.wav	slice_03n052.wav	wav	drums	3.41	44100	2		602236	1783549285
packs/dusty_drums/chops/slice_03n053.wav	slice_03n053.wav	wav	drums	4.69	44100	2		827736	1783549285
packs/dusty_drums/chops/slice_03n054.wav	slice_03n054.wav	wav	drums	3.30	44100	2		581896	1783549285
packs/dusty_drums/chops/slice_03n055.wav	slice_03n055.wav	wav	drums	4.54	44100	2		800688	1783549285
packs/dusty_drums/chops/slice_03n056.wav	slice_03n056.wav	wav	drums	4.46	44100	2		786436	1783549285
packs/dusty_drums/chops/slice_03n057.wav	slice_03n057.wav	wav	drums	4.38	44100	2		773260	1783549284
packs/dusty_drums/chops/slice_03n058.wav	slice_03n058.wav	wav	drums	4.30	44100	2		759168	1783549284
packs/dusty_drums/chops/slice_03n059.wav	slice_03n059.wav	wav	drums	4.20	44100	2		740980	1783549285
packs/dusty_drums/chops/slice_03n060.wav	slice_03n060.wav	wav	drums	8.41	44100	2		1484364	1783549285
packs/my_drum_kit/unknown/drums_no_copyright_music_drum_breaks_collection_q68zfjua_is.wav	drums_no_copyright_music_drum_breaks_collection_q68zfjua_is.wav	wav	drums	143.93	44100	2		25389138	1783554557
packs/my_loops/long_review/drums_no_copyright_music_drum_breaks_collection_q68zfjua_is.wav	drums_no_copyright_music_drum_breaks_collection_q68zfjua_is.wav	wav	drums	143.93	44100	2		25389138	1783554557
packs/my_textures/unknown_textures/drums_no_copyright_music_drum_breaks_collection_q68zfjua_is.wav	drums_no_copyright_music_drum_breaks_collection_q68zfjua_is.wav	wav	drums	143.93	44100	2		25389138	1783554558
packs/random_drums/random/drums_no_copyright_music_drum_breaks_collection_.wav	drums_no_copyright_music_drum_breaks_collection_.wav	wav	drums	143.93	44100	2		25389138	1783554238
packs/test_pick/drums/drums_no_copyright_music_drum_breaks_collection.wav	drums_no_copyright_music_drum_breaks_collection.wav	wav	drums	143.93	44100	2		25389138	1783963896
packs/test_pick/drums/drums_no_copyright_music_drum_breaks_collection_.wav	drums_no_copyright_music_drum_breaks_collection_.wav	wav	drums	143.93	48000	2		27634426	1783963897
packs/test_pick/drums/drums_no_copyright_music_drum_breaks_collection__02.wav	drums_no_copyright_music_drum_breaks_collection__02.wav	wav	drums	143.82	44100	2		25370772	1783963897
packs/test_pick/drums/slice_03n031.wav	slice_03n031.wav	wav	drums	3.78	44100	2		666704	1783963896
packs/test_pick/drums/slice_03n038.wav	slice_03n038.wav	wav	drums	0.73	44100	2		128788	1783963896
packs/test_pick/drums/slice_03n043.wav	slice_03n043.wav	wav	drums	0.35	44100	2		62304	1783963896
packs/test_pick/drums/slice_03n046.wav	slice_03n046.wav	wav	drums	0.20	44100	2		35736	1783963896
packs/test_pick_v2/drums/slice_03n002.wav	slice_03n002.wav	wav	drums	0.34	44100	2		59636	1783964157
packs/test_pick_v2/drums/slice_03n012.wav	slice_03n012.wav	wav	drums	3.89	44100	2		686616	1783964157
packs/test_pick_v2/drums/slice_03n020.wav	slice_03n020.wav	wav	drums	0.16	44100	2		27740	1783964158
packs/test_pick_v2/drums/slice_03n022.wav	slice_03n022.wav	wav	drums	0.15	44100	2		27108	1783964158
packs/test_pick_v2/drums/slice_03n028.wav	slice_03n028.wav	wav	drums	7.52	44100	2		1326984	1783964158
packs/test_pick_v2/drums/slice_03n031.wav	slice_03n031.wav	wav	drums	3.78	44100	2		666704	1783964157
packs/test_pick_v2/drums/slice_03n036.wav	slice_03n036.wav	wav	drums	0.29	44100	2		51988	1783964157
packs/test_pick_v2/drums/slice_03n037.wav	slice_03n037.wav	wav	drums	0.26	44100	2		45936	1783964157
packs/test_pick_v2/drums/slice_03n042.wav	slice_03n042.wav	wav	drums	0.20	44100	2		36044	1783964158
packs/test_pick_v2/drums/slice_03n045.wav	slice_03n045.wav	wav	drums	0.35	44100	2		62356	1783964157
packs/test_pick_v2/drums/slice_03n046.wav	slice_03n046.wav	wav	drums	0.20	44100	2		35736	1783964157
packs/test_pick_v2/drums/slice_03n047.wav	slice_03n047.wav	wav	drums	0.36	44100	2		63388	1783964157
packs/test_pick_v2/drums/slice_03n051.wav	slice_03n051.wav	wav	drums	6.82	44100	2		1203280	1783964157
packs/test_pick_v2/drums/slice_03n054.wav	slice_03n054.wav	wav	drums	3.30	44100	2		581896	1783964158
packs/test_pick_v2/drums/slice_03n056.wav	slice_03n056.wav	wav	drums	4.46	44100	2		786436	1783964157
packs/test_pick_v2/drums/slice_03n059.wav	slice_03n059.wav	wav	drums	4.20	44100	2		740980	1783964157
raw/adlibs_22_Vocal_Ad-Lib_Effects_Free_Samples_-h71SkjzQ8c.wav	adlibs_22_Vocal_Ad-Lib_Effects_Free_Samples_-h71SkjzQ8c.wav	wav	vocals	36.00	48000	2		6912566	1783744590
raw/adlibs_ACAPELLA_FEMALE_VOCAL_SAMPLE_-_distance_LOOP_CqSBqStPmdk.wav	adlibs_ACAPELLA_FEMALE_VOCAL_SAMPLE_-_distance_LOOP_CqSBqStPmdk.wav	wav	vocals	16.27	48000	2		3123070	1783744606
raw/adlibs_FREE_Vocal_Ad-Libs_Provided_By_Ghosthack_10h2LYvYYDo.wav	adlibs_FREE_Vocal_Ad-Libs_Provided_By_Ghosthack_10h2LYvYYDo.wav	wav	vocals	75.15	48000	2		14429146	1783747827
raw/bass_15_Free_808_Bass_Sounds_Pack_Royalty_Free_Samples_0KJMs-hsB1E.wav	bass_15_Free_808_Bass_Sounds_Pack_Royalty_Free_Samples_0KJMs-hsB1E.wav	wav	bass	48.40	48000	2		9293262	1783714308
raw/choirs_Cinematic_Drums_Choir_Voices_9TOzLqW7DGM.wav	choirs_Cinematic_Drums_Choir_Voices_9TOzLqW7DGM.wav	wav	drums	34.06	48000	2		6540306	1783747804
raw/drums_+170_FREE_DRUM_KIT_-_DOOMSDAY_FREE_DRUM_KIT_DOWNLOAD_2026_7NrKrAGYUUs.wav	drums_+170_FREE_DRUM_KIT_-_DOOMSDAY_FREE_DRUM_KIT_DOWNLOAD_2026_7NrKrAGYUUs.wav	wav	drums	156.18	48000	2		29986142	1783690133
raw/drums_500_Royalty_Free_Kick_Drum_Samples_Loops_FREE_EDM_SAMPLES_PACK_VOL._6_naGSTYH_e_0.wav	drums_500_Royalty_Free_Kick_Drum_Samples_Loops_FREE_EDM_SAMPLES_PACK_VOL._6_naGSTYH_e_0.wav	wav	drums	131.22	48000	2		25193546	1783689977
raw/drums_789_Free_EDM_Trap_Drum_Samples_Loops_Free_Drums_Mega_Pack_IL0_dPYt9wI.wav	drums_789_Free_EDM_Trap_Drum_Samples_Loops_Free_Drums_Mega_Pack_IL0_dPYt9wI.wav	wav	drums	73.61	48000	2		14132674	1783690098
raw/drums_7_Best_FREE_Drum_VSTs_in_2026_xEXgupOqxjE.wav	drums_7_Best_FREE_Drum_VSTs_in_2026_xEXgupOqxjE.wav	wav	drums	557.23	48000	2		106987598	1783690048
raw/drums_DUSTY_VINYL_DRUM_BREAKS_COLLECTION_VOL._1_Demo_Video_HcEbPL-7Jbg.wav	drums_DUSTY_VINYL_DRUM_BREAKS_COLLECTION_VOL._1_Demo_Video_HcEbPL-7Jbg.wav	wav	drums	306.22	48000	2		58794062	1783714191
raw/drums_David_Lee_Jr_-_Cosmic_Vision_Drum_Break_-_Loop_ZDcRVGjKjP0.wav	drums_David_Lee_Jr_-_Cosmic_Vision_Drum_Break_-_Loop_ZDcRVGjKjP0.wav	wav	drums	30.05	48000	2		5769030	1783747740
raw/drums_Every_Producer_Needs_This_Free_Sauce_VSTs_Sounds_Drum_Kits_Sites_ijA_a1B14jk.wav	drums_Every_Producer_Needs_This_Free_Sauce_VSTs_Sounds_Drum_Kits_Sites_ijA_a1B14jk.wav	wav	drums	645.82	48000	2		123996866	1783689992
raw/drums_FREE_DRUM_n_BASS_DRUM_KIT_2026_FREE_DRUM_KIT_DOWNLOAD_GnWf6aNY0-8.wav	drums_FREE_DRUM_n_BASS_DRUM_KIT_2026_FREE_DRUM_KIT_DOWNLOAD_GnWf6aNY0-8.wav	wav	drums	194.42	48000	2		37328850	1783690280
raw/drums_FREE_Drum_Bass_Drum_Loops_Download_Now_Rhythm_Lab_J12hT_Dnllw.wav	drums_FREE_Drum_Bass_Drum_Loops_Download_Now_Rhythm_Lab_J12hT_Dnllw.wav	wav	drums	39.74	48000	2		7630342	1783690124
raw/drums_FREE_EXOTIC_EDM_DRUM_KIT_+_LOOPS_+_MIDIS_+_VOCAL_LOOPS_FREE_DRUM_KIT_2026_oTe2vaqg7x8.wav	drums_FREE_EXOTIC_EDM_DRUM_KIT_+_LOOPS_+_MIDIS_+_VOCAL_LOOPS_FREE_DRUM_KIT_2026_oTe2vaqg7x8.wav	wav	drums	826.13	48000	2		158617678	1783690017
raw/drums_FREE_Progressive_House_Drum_Kit_2025_Free_Drum_Kit_Download_bXHRK47Zwnw.wav	drums_FREE_Progressive_House_Drum_Kit_2025_Free_Drum_Kit_Download_bXHRK47Zwnw.wav	wav	drums	242.03	48000	2		46470454	1783690246
raw/drums_FREE_Royalty_Free_Drum_Breaks_Percussion_Loops_Raw_Rhythms_Boom_Bap_Hip_Hop_Old_School_Lofi_amVYZNkhASg.wav	drums_FREE_Royalty_Free_Drum_Breaks_Percussion_Loops_Raw_Rhythms_Boom_Bap_Hip_Hop_Old_School_Lofi_amVYZNkhASg.wav	wav	drums	454.01	48000	2		87169646	1783714236
raw/drums_Free_Drum_Kit_2023_Free_HQ_Download_EDM_Deep_House_Chillstep_Future_Bass_etc_XsYn-3ZE0Ng.wav	drums_Free_Drum_Kit_2023_Free_HQ_Download_EDM_Deep_House_Chillstep_Future_Bass_etc_XsYn-3ZE0Ng.wav	wav	drums	204.88	48000	2		39337282	1783690293
raw/drums_High_Quality_Free_EDM_Drum_Samples_By_Wave_Alchemy_8odqe8wPaoA.wav	drums_High_Quality_Free_EDM_Drum_Samples_By_Wave_Alchemy_8odqe8wPaoA.wav	wav	drums	284.33	48000	2		54591122	1783689963
raw/drums_High_Quality_Free_EDM_Drum_Samples_By_Wave_Alchemy_Pv_Skfz2w5I.wav	drums_High_Quality_Free_EDM_Drum_Samples_By_Wave_Alchemy_Pv_Skfz2w5I.wav	wav	drums	275.06	48000	2		52812286	1783690231
raw/drums_JAZZ_DRUM_LOOPS_Jazz_Drums_Backing_Tracks_and_Jazz_Drum_Breaks_Samples_TZYksqCvKf8.wav	drums_JAZZ_DRUM_LOOPS_Jazz_Drums_Backing_Tracks_and_Jazz_Drum_Breaks_Samples_TZYksqCvKf8.wav	wav	drums	59.44	48000	2		11413154	1783714216
raw/drums_No_Copyright_Music_Drum_Breaks_Collection_Q68zFJua_Is.wav	drums_No_Copyright_Music_Drum_Breaks_Collection_Q68zFJua_Is.wav	wav	drums	143.93	48000	2		27634426	1783549281
raw/drums_ROYALTY_FREE_Dancehall_Drum_Kit_2025_-_JANGO_M0E23Lx6ixQ.wav	drums_ROYALTY_FREE_Dancehall_Drum_Kit_2025_-_JANGO_M0E23Lx6ixQ.wav	wav	drums	15.38	48000	2		2953294	1783690181
raw/drums_Real_Drum_Samples_-_Free_Real_Drums_Soundpacks_0jPR2uRFuWw.wav	drums_Real_Drum_Samples_-_Free_Real_Drums_Soundpacks_0jPR2uRFuWw.wav	wav	drums	36.35	48000	2		6979662	1783690222
raw/drums_Royalty-free_EDM_Drum_Fills_-_Sample_Pack_High_Quality_qfbJBPCGl4A.wav	drums_Royalty-free_EDM_Drum_Fills_-_Sample_Pack_High_Quality_qfbJBPCGl4A.wav	wav	drums	38.65	48000	2		7420806	1783690114
raw/drums_Royalty_Free_Drum_Breaks_Percussion_Loops_Raw_Rhythms_3_Boom_Bap_Hip_Hop_Old_School_Lofi_g5NJOFIb9iA.wav	drums_Royalty_Free_Drum_Breaks_Percussion_Loops_Raw_Rhythms_3_Boom_Bap_Hip_Hop_Old_School_Lofi_g5NJOFIb9iA.wav	wav	drums	298.28	48000	2		57270518	1783714138
raw/drums_The_BEST_Drumkits_for_New_Producers_in_2023_Including_Free_Ones_4L_W1nt8spk.wav	drums_The_BEST_Drumkits_for_New_Producers_in_2023_Including_Free_Ones_4L_W1nt8spk.wav	wav	drums	806.02	48000	2		154756434	1783690152
raw/drums_The_Best_FREE_Drum_Kits_Every_Producer_NEEDS_in_2021_For_Any_Genre_QJUvwEgoWaI.wav	drums_The_Best_FREE_Drum_Kits_Every_Producer_NEEDS_in_2021_For_Any_Genre_QJUvwEgoWaI.wav	wav	drums	496.01	48000	2		95234586	1783690261
raw/drums_Where_To_Find_FREE_DRUM_KITS_and_SAMPLES_3_Websites_100%_FREE_qimAG_a-Ot8.wav	drums_Where_To_Find_FREE_DRUM_KITS_and_SAMPLES_3_Websites_100%_FREE_qimAG_a-Ot8.wav	wav	drums	743.45	48000	2		142741582	1783690067
raw/drums_Where_To_Find_Free_Drum_Kits_Samples_All_The_Drum_Sounds_You_Need_and_How_To_Use_Them_Like_a_Pro_BG6EKVLWw1g.wav	drums_Where_To_Find_Free_Drum_Kits_Samples_All_The_Drum_Sounds_You_Need_and_How_To_Use_Them_Like_a_Pro_BG6EKVLWw1g.wav	wav	drums	886.07	48000	2		170126186	1783690193
raw/female_vocals_Acapella_Cinematic_Middle_Eastern_Female_Vocals_Sample_Pack_-DEMO-PHRASES_SAMPLE-Arabian_Sample_Pack_MQufseYt3z4.wav	female_vocals_Acapella_Cinematic_Middle_Eastern_Female_Vocals_Sample_Pack_-DEMO-PHRASES_SAMPLE-Arabian_Sample_Pack_MQufseYt3z4.wav	wav	vocals	130.43	48000	2		25043022	1783744571
raw/female_vocals_FREE_FEMALE_PHONE_CALL_SAMPLES_lBJvn6GSkCE.wav	female_vocals_FREE_FEMALE_PHONE_CALL_SAMPLES_lBJvn6GSkCE.wav	wav	vocals	30.06	48000	2		5771262	1783744554
raw/guitar_Funk_Guitar_Electric_24_06mbGWscvZ8.wav	guitar_Funk_Guitar_Electric_24_06mbGWscvZ8.wav	wav	guitar	6.00	48000	2		1152078	1783714650
raw/guitar_The_Dirty_Diary_The_Dark_Room_Psychedelic_Instrumental_Guitar_Improv_6kObfiSKnE4.wav	guitar_The_Dirty_Diary_The_Dark_Room_Psychedelic_Instrumental_Guitar_Improv_6kObfiSKnE4.wav	wav	guitar	578.30	48000	2		111034558	1783726720
raw/jungle_35_Classic_Jungle_Drum_Bass_Breaks_-_A_to_Z_HICxFSrjzN0.wav	jungle_35_Classic_Jungle_Drum_Bass_Breaks_-_A_to_Z_HICxFSrjzN0.wav	wav	drums	50.85	48000	2		9763606	1783714286
raw/percussion_100_BPM_Full_Percussion_Loops_18_FREE_Serpent_Lofi_Sample_Packs_Royalty_Free_Loops_Samples_o_s-CVK7SkI.wav	percussion_100_BPM_Full_Percussion_Loops_18_FREE_Serpent_Lofi_Sample_Packs_Royalty_Free_Loops_Samples_o_s-CVK7SkI.wav	wav	percussion	4.80	48000	2		921678	1783714709
raw/psychedelic_rock_Beam_Me_Up_Scotty_-_royalty_free_psychedelic_rock_no_copyright_retro_slow_rock_5sR2X_3vuis.wav	psychedelic_rock_Beam_Me_Up_Scotty_-_royalty_free_psychedelic_rock_no_copyright_retro_slow_rock_5sR2X_3vuis.wav	wav	unknown	243.76	48000	2		46802594	1783797953
raw/psychedelic_rock_FREE_PSYCHEDELIC_SAMPLE_PACK_-_KALEIDOSCOPE_A_AP_ROCKY_Q8ZWRXg2Ilk.wav	psychedelic_rock_FREE_PSYCHEDELIC_SAMPLE_PACK_-_KALEIDOSCOPE_A_AP_ROCKY_Q8ZWRXg2Ilk.wav	wav	unknown	130.09	48000	2		24977322	1783797934
raw/psychedelic_rock_FREE_Tame_Impala_x_Psychedelic_Rock_Type_Beat_-_Graffiti_Dust_rVKxEgIfB2k.wav	psychedelic_rock_FREE_Tame_Impala_x_Psychedelic_Rock_Type_Beat_-_Graffiti_Dust_rVKxEgIfB2k.wav	wav	unknown	198.30	48000	2		38073374	1783797923
raw/psychedelic_rock_Free_Psychedelic_VJ_Loops_-_01_-_2020_New_Year_Gift_Free_Footage_VgBc5ixMTCg.wav	psychedelic_rock_Free_Psychedelic_VJ_Loops_-_01_-_2020_New_Year_Gift_Free_Footage_VgBc5ixMTCg.wav	wav	unknown	6.28	48000	2		1206030	1783797964
raw/psychedelic_rock_M87_-_70s_Psychedelic_Rock_With_Guitar_Solo_Royalty_Free_Music_fwLcpp2BI9E.wav	psychedelic_rock_M87_-_70s_Psychedelic_Rock_With_Guitar_Solo_Royalty_Free_Music_fwLcpp2BI9E.wav	wav	guitar	183.82	48000	2		35293670	1783756250
raw/psychedelic_rock_Phasing_-_no_copyright_light_psychedelic_rock_royalty_free_HILdvlLDSzE.wav	psychedelic_rock_Phasing_-_no_copyright_light_psychedelic_rock_royalty_free_HILdvlLDSzE.wav	wav	unknown	240.07	48000	2		46093734	1783725480
raw/psychedelic_rock_Pipe_Choir_Infinite_Light_Psych_Rock_from_Royalty_Free_PlanetTM_bnY9O1kfKTI.wav	psychedelic_rock_Pipe_Choir_Infinite_Light_Psych_Rock_from_Royalty_Free_PlanetTM_bnY9O1kfKTI.wav	wav	vocals	293.05	48000	2		56265190	1783756260
raw/psychedelic_rock_Pipe_Choir_Savior_Psych_Rock_from_Royalty_Free_PlanetTM_5wGymmeTx_w.wav	psychedelic_rock_Pipe_Choir_Savior_Psych_Rock_from_Royalty_Free_PlanetTM_5wGymmeTx_w.wav	wav	vocals	288.98	48000	2		55484998	1783756271
raw/psychedelic_rock_Psytrance_Sample_Pack_-_Royalty-free_Psychedelic_Sounds_P1aZHnQCgNg.wav	psychedelic_rock_Psytrance_Sample_Pack_-_Royalty-free_Psychedelic_Sounds_P1aZHnQCgNg.wav	wav	unknown	88.63	48000	2		17017150	1783756243
raw/samples_WHY_DO_I_KEEP_HAVING_COPYRIGHT_ISSUES_WITH_ROYALTY_FREE_SAMPLES_7AbzskksYZM.wav	samples_WHY_DO_I_KEEP_HAVING_COPYRIGHT_ISSUES_WITH_ROYALTY_FREE_SAMPLES_7AbzskksYZM.wav	wav	unknown	495.98	48000	2		95227902	1783714730
raw/spoken_word_Epic_trailer_voice_available_Wanna_make_your_own_trailers_bKS502hSjEc.wav	spoken_word_Epic_trailer_voice_available_Wanna_make_your_own_trailers_bKS502hSjEc.wav	wav	vocals	423.72	48000	2		81353886	1783751170
raw/spoken_word_Open_Culture_Voices_Vlog_Series_-_Introduction_w2S5Ov-7Mzo.wav	spoken_word_Open_Culture_Voices_Vlog_Series_-_Introduction_w2S5Ov-7Mzo.wav	wav	vocals	133.14	48000	2		25563578	1783751080
raw/spoken_word_Top_5_Films_Entering_2026_Public_Domain_Must_Watch_Cult_Classic_Movies_from_1930_LzWyfhBQdcI.wav	spoken_word_Top_5_Films_Entering_2026_Public_Domain_Must_Watch_Cult_Classic_Movies_from_1930_LzWyfhBQdcI.wav	wav	unknown	170.82	48000	2		32796750	1783751063
raw/spoken_word_VOICE_OVER_LINES_FOR_EVERY_SCENE_-_ROYALTY_FREE_VOICE_SFX_BUNDLE_-RGkb4WYuWk.wav	spoken_word_VOICE_OVER_LINES_FOR_EVERY_SCENE_-_ROYALTY_FREE_VOICE_SFX_BUNDLE_-RGkb4WYuWk.wav	wav	vocals	75.88	48000	2		14569578	1783751102
raw/synths_100_FREE_One_Shot_Synth_Samples_-_By_The_Free_Sounds_Website_pXK7ui12s8A.wav	synths_100_FREE_One_Shot_Synth_Samples_-_By_The_Free_Sounds_Website_pXK7ui12s8A.wav	wav	synth	58.39	48000	2		11210302	1783691457
raw/synths_Background_Loop_Melodic_Techno_-_No_Copyright_Music_9YmpagTltUI.wav	synths_Background_Loop_Melodic_Techno_-_No_Copyright_Music_9YmpagTltUI.wav	wav	synth	46.06	48000	2		8842982	1783691291
raw/synths_Catalyst_Samples_Enlightened_Melodic_Techno_Sample_Pack_CGKXmKPEU1c.wav	synths_Catalyst_Samples_Enlightened_Melodic_Techno_Sample_Pack_CGKXmKPEU1c.wav	wav	synth	90.00	48000	2		17280186	1783691298
raw/synths_Catalyst_Samples_Enlightened_Melodic_Techno_Sample_Pack_UNRB9BGNjog.wav	synths_Catalyst_Samples_Enlightened_Melodic_Techno_Sample_Pack_UNRB9BGNjog.wav	wav	synth	90.00	48000	2		17280186	1783691351
raw/synths_Dance_Trance_Techno_Synth_Loops_WAVREX2_o8pEzNfj9_E.wav	synths_Dance_Trance_Techno_Synth_Loops_WAVREX2_o8pEzNfj9_E.wav	wav	synth	59.92	48000	2		11504546	1783691449
raw/synths_Deep_Melodic_Techno_Mega_Bundle_Huge_Collection_of_Samples_for_Melodic_House_Techno_UlE0nt1jFlc.wav	synths_Deep_Melodic_Techno_Mega_Bundle_Huge_Collection_of_Samples_for_Melodic_House_Techno_UlE0nt1jFlc.wav	wav	synth	33.44	48000	2		6419934	1783691360
raw/synths_FREE_MELODIC_TECHNO_SAMPLE_PACK_2026_-_DOWNLOAD_LINK_IN_DESCRIPTION_5-pKbOLGwMg.wav	synths_FREE_MELODIC_TECHNO_SAMPLE_PACK_2026_-_DOWNLOAD_LINK_IN_DESCRIPTION_5-pKbOLGwMg.wav	wav	synth	347.76	48000	2		66769998	1783691247
raw/synths_FREE_Melodic_Techno_Sample_Pack_2025_Inspired_by_Argy_Anyma_ARTBAT_9NGUXeNdqEE.wav	synths_FREE_Melodic_Techno_Sample_Pack_2025_Inspired_by_Argy_Anyma_ARTBAT_9NGUXeNdqEE.wav	wav	synth	302.72	48000	2		58122042	1783691277
raw/synths_Free_Hypnotic_Synth_Melody_Download_Minimal_Techno_Sounds_aO21OlqGLz4.wav	synths_Free_Hypnotic_Synth_Melody_Download_Minimal_Techno_Sounds_aO21OlqGLz4.wav	wav	synth	25.05	44100	2		4419662	1783691369
raw/synths_From_Bass_To_Lead_-_Melodic_Techno_Diva_Presets_FREE_MIDI_Fl_Studio_Project_boOP8FJyjE8.wav	synths_From_Bass_To_Lead_-_Melodic_Techno_Diva_Presets_FREE_MIDI_Fl_Studio_Project_boOP8FJyjE8.wav	wav	bass	430.79	48000	2		82711418	1783691380
raw/synths_Melodic_House_Techno_Vol.2_Samples_vhpiOG5Ckkk.wav	synths_Melodic_House_Techno_Vol.2_Samples_vhpiOG5Ckkk.wav	wav	synth	123.26	48000	2		23666602	1783691466
raw/synths_Melodic_Synth_Solo_-_Royalty_Free_Sounds_-qX-3zw2PpE.wav	synths_Melodic_Synth_Solo_-_Royalty_Free_Sounds_-qX-3zw2PpE.wav	wav	synth	15.57	48000	2		2989326	1783691229
raw/synths_Melodic_techno_synth_loop_116_kyxIUBbH3kw.wav	synths_Melodic_techno_synth_loop_116_kyxIUBbH3kw.wav	wav	synth	10.65	48000	2		2044178	1783691421
raw/synths_Modular_Madness_Techno_by_Loopmasters_Modular_Techno_Loops_Samples_Sounds_5Q0Lz_o_fB0.wav	synths_Modular_Madness_Techno_by_Loopmasters_Modular_Techno_Loops_Samples_Sounds_5Q0Lz_o_fB0.wav	wav	synth	59.07	48000	2		11341822	1783691262
raw/synths_Royalty_Free_Sample_Pack_Progressive_Tropical_Melody_Pack_LyTeYFm58Dw.wav	synths_Royalty_Free_Sample_Pack_Progressive_Tropical_Melody_Pack_LyTeYFm58Dw.wav	wav	synth	59.79	48000	2		11480026	1783691329
raw/synths_SAMPLE_PACK_-_Melodic_Techno_TDAudio_hPXvawFwtjs.wav	synths_SAMPLE_PACK_-_Melodic_Techno_TDAudio_hPXvawFwtjs.wav	wav	synth	218.36	48000	2		41925286	1783691409
raw/synths_Soothing_Beats_Background_Loop_Melodic_Techno_03_by_Zen_Man_Free_Royalty_No_Copyright_lX6dJDtI_wI.wav	synths_Soothing_Beats_Background_Loop_Melodic_Techno_03_by_Zen_Man_Free_Royalty_No_Copyright_lX6dJDtI_wI.wav	wav	synth	46.52	48000	2		8932146	1783691431
raw/synths_Stranger_Synths_-_Royalty_Free_Analogue_Synth_Samples_-_Loopmasters_rbX3UFDH_OE.wav	synths_Stranger_Synths_-_Royalty_Free_Analogue_Synth_Samples_-_Loopmasters_rbX3UFDH_OE.wav	wav	synth	25.05	44100	2		4419662	1783714327
raw/synths_Techno_Noir_Royalty_Free_Dark_Room_Techno_Loops_D9Pbidnq4Ic.wav	synths_Techno_Noir_Royalty_Free_Dark_Room_Techno_Loops_D9Pbidnq4Ic.wav	wav	synth	261.84	48000	2		50273326	1783691308
raw/synths_Techno_Samples_-_SERIOUS_TECHNO_2_-_Royalty_Free_Drum_Samples_Basslines_Synth_Melodies_Loops_Vox_1zU10eYL2Nc.wav	synths_Techno_Samples_-_SERIOUS_TECHNO_2_-_Royalty_Free_Drum_Samples_Basslines_Synth_Melodies_Loops_Vox_1zU10eYL2Nc.wav	wav	drums	140.31	48000	2		26938942	1783691237
raw/synths_Techno_Synth_Samples_-_Royalty-Free_Techno_Synth_One-Shots_Loops_MIDI_Files_d8Wms987Dzw.wav	synths_Techno_Synth_Samples_-_Royalty-Free_Techno_Synth_One-Shots_Loops_MIDI_Files_d8Wms987Dzw.wav	wav	synth	188.26	48000	2		36145190	1783691399
raw/synths_Techno_Synths_2_Sample_Pack_-_Royalty-Free_Synth_Loops_MIDI_Files_QGKJefFUIp0.wav	synths_Techno_Synths_2_Sample_Pack_-_Royalty-Free_Synth_Loops_MIDI_Files_QGKJefFUIp0.wav	wav	synth	191.84	48000	2		36833986	1783691338
raw/synths_Zeus_Melodic_Techno_V3_Royalty_Free_Melodic_Techno_Progressive_Trance_Samples_nvKyN9HcMl4.wav	synths_Zeus_Melodic_Techno_V3_Royalty_Free_Melodic_Techno_Progressive_Trance_Samples_nvKyN9HcMl4.wav	wav	synth	59.12	48000	2		11350738	1783691439
raw/textures_Free_Sound_Effects_-_Analog_Tape_Noise_1_iv48T8cNGIM.wav	textures_Free_Sound_Effects_-_Analog_Tape_Noise_1_iv48T8cNGIM.wav	wav	fx	2.17	48000	2		416926	1783714692
raw/textures_Vinyl_Crackling_Sound_Effect_Free_Download_LQKylPGnjeY.wav	textures_Vinyl_Crackling_Sound_Effect_Free_Download_LQKylPGnjeY.wav	wav	fx	202.57	48000	2		38893690	1783714669
raw/vocal_textures_5_CREATIVE_VOCAL_EFFECTS_Every_Musician_Should_Know_J1ga8a_hEtw.wav	vocal_textures_5_CREATIVE_VOCAL_EFFECTS_Every_Musician_Should_Know_J1ga8a_hEtw.wav	wav	vocals	472.11	48000	2		90644558	1783744649
raw/vocal_textures_ACAPELLA_FEMALE_VOCAL_SAMPLE_-_distance_LOOP_CqSBqStPmdk.wav	vocal_textures_ACAPELLA_FEMALE_VOCAL_SAMPLE_-_distance_LOOP_CqSBqStPmdk.wav	wav	vocals	16.27	48000	2		3123070	1783744627
raw/vocal_textures_Monplaisir_-_Echoing_your_voice_Creative_Commons_Music_2UEq6Z-Vkck.wav	vocal_textures_Monplaisir_-_Echoing_your_voice_Creative_Commons_Music_2UEq6Z-Vkck.wav	wav	vocals	243.01	48000	2		46657698	1783747856
raw/vocals_FREE_Arcade_vocal_samples_Hooked_vocal_chops_PG_6Kn8jhec.wav	vocals_FREE_Arcade_vocal_samples_Hooked_vocal_chops_PG_6Kn8jhec.wav	wav	vocals	40.73	48000	2		7819818	1783744531
slices/bass_15_free_808_bass_sounds_pack_royalty_free_samples_0kjms-hsb1e/slice_03n001.wav	slice_03n001.wav	wav	bass	0.50	44100	2		88864	1783747902
slices/bass_15_free_808_bass_sounds_pack_royalty_free_samples_0kjms-hsb1e/slice_03n002.wav	slice_03n002.wav	wav	bass	0.28	44100	2		48720	1783747902
slices/bass_15_free_808_bass_sounds_pack_royalty_free_samples_0kjms-hsb1e/slice_03n003.wav	slice_03n003.wav	wav	bass	0.04	44100	2		7744	1783747902
slices/bass_15_free_808_bass_sounds_pack_royalty_free_samples_0kjms-hsb1e/slice_03n004.wav	slice_03n004.wav	wav	bass	0.04	44100	2		7912	1783747902
slices/bass_15_free_808_bass_sounds_pack_royalty_free_samples_0kjms-hsb1e/slice_03n005.wav	slice_03n005.wav	wav	bass	34.07	44100	2		6009244	1783747902
slices/drums_170_free_drum_kit_-_doomsday_free_drum_kit_download_2026_7nrkragyuus/slice_03n001.wav	slice_03n001.wav	wav	drums	2.51	44100	2		443180	1783747919
slices/drums_170_free_drum_kit_-_doomsday_free_drum_kit_download_2026_7nrkragyuus/slice_03n002.wav	slice_03n002.wav	wav	drums	6.67	44100	2		1175956	1783747919
slices/drums_170_free_drum_kit_-_doomsday_free_drum_kit_download_2026_7nrkragyuus/slice_03n003.wav	slice_03n003.wav	wav	drums	0.19	44100	2		34280	1783747919
slices/drums_170_free_drum_kit_-_doomsday_free_drum_kit_download_2026_7nrkragyuus/slice_03n004.wav	slice_03n004.wav	wav	drums	0.19	44100	2		34292	1783747919
slices/drums_170_free_drum_kit_-_doomsday_free_drum_kit_download_2026_7nrkragyuus/slice_03n005.wav	slice_03n005.wav	wav	drums	0.13	44100	2		23228	1783747919
slices/drums_170_free_drum_kit_-_doomsday_free_drum_kit_download_2026_7nrkragyuus/slice_03n006.wav	slice_03n006.wav	wav	drums	0.13	44100	2		23216	1783747919
slices/drums_170_free_drum_kit_-_doomsday_free_drum_kit_download_2026_7nrkragyuus/slice_03n007.wav	slice_03n007.wav	wav	drums	0.58	44100	2		101980	1783747919
slices/drums_170_free_drum_kit_-_doomsday_free_drum_kit_download_2026_7nrkragyuus/slice_03n008.wav	slice_03n008.wav	wav	drums	1.16	44100	2		203976	1783747919
slices/drums_170_free_drum_kit_-_doomsday_free_drum_kit_download_2026_7nrkragyuus/slice_03n009.wav	slice_03n009.wav	wav	drums	0.16	44100	2		27972	1783747919
slices/drums_170_free_drum_kit_-_doomsday_free_drum_kit_download_2026_7nrkragyuus/slice_03n010.wav	slice_03n010.wav	wav	drums	0.19	44100	2		33224	1783747919
slices/drums_170_free_drum_kit_-_doomsday_free_drum_kit_download_2026_7nrkragyuus/slice_03n011.wav	slice_03n011.wav	wav	drums	0.19	44100	2		33220	1783747919
slices/drums_170_free_drum_kit_-_doomsday_free_drum_kit_download_2026_7nrkragyuus/slice_03n012.wav	slice_03n012.wav	wav	drums	0.67	44100	2		118056	1783747919
slices/drums_170_free_drum_kit_-_doomsday_free_drum_kit_download_2026_7nrkragyuus/slice_03n013.wav	slice_03n013.wav	wav	drums	0.15	44100	2		27272	1783747919
slices/drums_170_free_drum_kit_-_doomsday_free_drum_kit_download_2026_7nrkragyuus/slice_03n014.wav	slice_03n014.wav	wav	drums	0.15	44100	2		26980	1783747919
slices/drums_170_free_drum_kit_-_doomsday_free_drum_kit_download_2026_7nrkragyuus/slice_03n015.wav	slice_03n015.wav	wav	drums	0.15	44100	2		26656	1783747919
slices/drums_170_free_drum_kit_-_doomsday_free_drum_kit_download_2026_7nrkragyuus/slice_03n016.wav	slice_03n016.wav	wav	drums	0.15	44100	2		26620	1783747919
slices/drums_170_free_drum_kit_-_doomsday_free_drum_kit_download_2026_7nrkragyuus/slice_03n017.wav	slice_03n017.wav	wav	drums	0.14	44100	2		24912	1783747919
slices/drums_170_free_drum_kit_-_doomsday_free_drum_kit_download_2026_7nrkragyuus/slice_03n018.wav	slice_03n018.wav	wav	drums	0.14	44100	2		24888	1783747919
slices/drums_170_free_drum_kit_-_doomsday_free_drum_kit_download_2026_7nrkragyuus/slice_03n019.wav	slice_03n019.wav	wav	drums	0.91	44100	2		160980	1783747919
slices/drums_170_free_drum_kit_-_doomsday_free_drum_kit_download_2026_7nrkragyuus/slice_03n020.wav	slice_03n020.wav	wav	drums	0.08	44100	2		14284	1783747919
slices/drums_170_free_drum_kit_-_doomsday_free_drum_kit_download_2026_7nrkragyuus/slice_03n021.wav	slice_03n021.wav	wav	drums	0.14	44100	2		25256	1783747919
slices/drums_170_free_drum_kit_-_doomsday_free_drum_kit_download_2026_7nrkragyuus/slice_03n022.wav	slice_03n022.wav	wav	drums	0.14	44100	2		25164	1783747919
slices/drums_170_free_drum_kit_-_doomsday_free_drum_kit_download_2026_7nrkragyuus/slice_03n023.wav	slice_03n023.wav	wav	drums	0.39	44100	2		69512	1783747919
slices/drums_170_free_drum_kit_-_doomsday_free_drum_kit_download_2026_7nrkragyuus/slice_03n024.wav	slice_03n024.wav	wav	drums	0.14	44100	2		25356	1783747919
slices/drums_170_free_drum_kit_-_doomsday_free_drum_kit_download_2026_7nrkragyuus/slice_03n025.wav	slice_03n025.wav	wav	drums	0.05	44100	2		9600	1783747919
slices/drums_170_free_drum_kit_-_doomsday_free_drum_kit_download_2026_7nrkragyuus/slice_03n026.wav	slice_03n026.wav	wav	drums	0.05	44100	2		9428	1783747919
slices/drums_170_free_drum_kit_-_doomsday_free_drum_kit_download_2026_7nrkragyuus/slice_03n027.wav	slice_03n027.wav	wav	drums	0.05	44100	2		8976	1783747919
slices/drums_170_free_drum_kit_-_doomsday_free_drum_kit_download_2026_7nrkragyuus/slice_03n028.wav	slice_03n028.wav	wav	drums	0.05	44100	2		8732	1783747919
slices/drums_170_free_drum_kit_-_doomsday_free_drum_kit_download_2026_7nrkragyuus/slice_03n029.wav	slice_03n029.wav	wav	drums	0.54	44100	2		95688	1783747919
slices/drums_170_free_drum_kit_-_doomsday_free_drum_kit_download_2026_7nrkragyuus/slice_03n030.wav	slice_03n030.wav	wav	drums	0.05	44100	2		9080	1783747919
slices/drums_170_free_drum_kit_-_doomsday_free_drum_kit_download_2026_7nrkragyuus/slice_03n031.wav	slice_03n031.wav	wav	drums	0.05	44100	2		9160	1783747919
slices/drums_170_free_drum_kit_-_doomsday_free_drum_kit_download_2026_7nrkragyuus/slice_03n032.wav	slice_03n032.wav	wav	drums	0.04	44100	2		7592	1783747919
slices/drums_170_free_drum_kit_-_doomsday_free_drum_kit_download_2026_7nrkragyuus/slice_03n033.wav	slice_03n033.wav	wav	drums	0.04	44100	2		7360	1783747919
slices/drums_170_free_drum_kit_-_doomsday_free_drum_kit_download_2026_7nrkragyuus/slice_03n034.wav	slice_03n034.wav	wav	drums	0.07	44100	2		12092	1783747919
slices/drums_170_free_drum_kit_-_doomsday_free_drum_kit_download_2026_7nrkragyuus/slice_03n035.wav	slice_03n035.wav	wav	drums	0.07	44100	2		12220	1783747919
slices/drums_170_free_drum_kit_-_doomsday_free_drum_kit_download_2026_7nrkragyuus/slice_03n036.wav	slice_03n036.wav	wav	drums	0.13	44100	2		22808	1783747919
slices/drums_170_free_drum_kit_-_doomsday_free_drum_kit_download_2026_7nrkragyuus/slice_03n037.wav	slice_03n037.wav	wav	drums	0.13	44100	2		22548	1783747919
slices/drums_170_free_drum_kit_-_doomsday_free_drum_kit_download_2026_7nrkragyuus/slice_03n038.wav	slice_03n038.wav	wav	drums	0.06	44100	2		10380	1783747919
slices/drums_170_free_drum_kit_-_doomsday_free_drum_kit_download_2026_7nrkragyuus/slice_03n039.wav	slice_03n039.wav	wav	drums	0.06	44100	2		10388	1783747919
slices/drums_170_free_drum_kit_-_doomsday_free_drum_kit_download_2026_7nrkragyuus/slice_03n040.wav	slice_03n040.wav	wav	drums	0.23	44100	2		40936	1783747919
slices/drums_170_free_drum_kit_-_doomsday_free_drum_kit_download_2026_7nrkragyuus/slice_03n041.wav	slice_03n041.wav	wav	drums	0.30	44100	2		53188	1783747919
slices/drums_170_free_drum_kit_-_doomsday_free_drum_kit_download_2026_7nrkragyuus/slice_03n042.wav	slice_03n042.wav	wav	drums	0.08	44100	2		14240	1783747919
slices/drums_170_free_drum_kit_-_doomsday_free_drum_kit_download_2026_7nrkragyuus/slice_03n043.wav	slice_03n043.wav	wav	drums	0.08	44100	2		14024	1783747919
slices/drums_170_free_drum_kit_-_doomsday_free_drum_kit_download_2026_7nrkragyuus/slice_03n044.wav	slice_03n044.wav	wav	drums	0.11	44100	2		19760	1783747919
slices/drums_170_free_drum_kit_-_doomsday_free_drum_kit_download_2026_7nrkragyuus/slice_03n045.wav	slice_03n045.wav	wav	drums	0.11	44100	2		19720	1783747919
slices/drums_170_free_drum_kit_-_doomsday_free_drum_kit_download_2026_7nrkragyuus/slice_03n046.wav	slice_03n046.wav	wav	drums	1.69	44100	2		298120	1783747919
slices/drums_170_free_drum_kit_-_doomsday_free_drum_kit_download_2026_7nrkragyuus/slice_03n047.wav	slice_03n047.wav	wav	drums	3.53	44100	2		621936	1783747919
slices/drums_170_free_drum_kit_-_doomsday_free_drum_kit_download_2026_7nrkragyuus/slice_03n048.wav	slice_03n048.wav	wav	drums	0.44	44100	2		76788	1783747919
slices/drums_170_free_drum_kit_-_doomsday_free_drum_kit_download_2026_7nrkragyuus/slice_03n049.wav	slice_03n049.wav	wav	drums	1.75	44100	2		308812	1783747919
slices/drums_170_free_drum_kit_-_doomsday_free_drum_kit_download_2026_7nrkragyuus/slice_03n050.wav	slice_03n050.wav	wav	drums	0.25	44100	2		44692	1783747919
slices/drums_170_free_drum_kit_-_doomsday_free_drum_kit_download_2026_7nrkragyuus/slice_03n051.wav	slice_03n051.wav	wav	drums	0.30	44100	2		53100	1783747919
slices/drums_170_free_drum_kit_-_doomsday_free_drum_kit_download_2026_7nrkragyuus/slice_03n052.wav	slice_03n052.wav	wav	drums	0.13	44100	2		22388	1783747919
slices/drums_170_free_drum_kit_-_doomsday_free_drum_kit_download_2026_7nrkragyuus/slice_03n053.wav	slice_03n053.wav	wav	drums	0.99	44100	2		174348	1783747919
slices/drums_170_free_drum_kit_-_doomsday_free_drum_kit_download_2026_7nrkragyuus/slice_03n054.wav	slice_03n054.wav	wav	drums	0.12	44100	2		21532	1783747919
slices/drums_170_free_drum_kit_-_doomsday_free_drum_kit_download_2026_7nrkragyuus/slice_03n055.wav	slice_03n055.wav	wav	drums	0.18	44100	2		31488	1783747919
slices/drums_170_free_drum_kit_-_doomsday_free_drum_kit_download_2026_7nrkragyuus/slice_03n056.wav	slice_03n056.wav	wav	drums	1.83	44100	2		323344	1783747919
slices/drums_170_free_drum_kit_-_doomsday_free_drum_kit_download_2026_7nrkragyuus/slice_03n057.wav	slice_03n057.wav	wav	drums	1.00	44100	2		177308	1783747919
slices/drums_170_free_drum_kit_-_doomsday_free_drum_kit_download_2026_7nrkragyuus/slice_03n058.wav	slice_03n058.wav	wav	drums	0.68	44100	2		120016	1783747919
slices/drums_170_free_drum_kit_-_doomsday_free_drum_kit_download_2026_7nrkragyuus/slice_03n059.wav	slice_03n059.wav	wav	drums	0.54	44100	2		95504	1783747919
slices/drums_170_free_drum_kit_-_doomsday_free_drum_kit_download_2026_7nrkragyuus/slice_03n060.wav	slice_03n060.wav	wav	drums	0.10	44100	2		16976	1783747919
slices/drums_170_free_drum_kit_-_doomsday_free_drum_kit_download_2026_7nrkragyuus/slice_03n061.wav	slice_03n061.wav	wav	drums	0.39	44100	2		69400	1783747919
slices/drums_170_free_drum_kit_-_doomsday_free_drum_kit_download_2026_7nrkragyuus/slice_03n062.wav	slice_03n062.wav	wav	drums	0.43	44100	2		75040	1783747919
slices/drums_170_free_drum_kit_-_doomsday_free_drum_kit_download_2026_7nrkragyuus/slice_03n063.wav	slice_03n063.wav	wav	drums	0.05	44100	2		8004	1783747919
slices/drums_170_free_drum_kit_-_doomsday_free_drum_kit_download_2026_7nrkragyuus/slice_03n064.wav	slice_03n064.wav	wav	drums	0.15	44100	2		26648	1783747919
slices/drums_170_free_drum_kit_-_doomsday_free_drum_kit_download_2026_7nrkragyuus/slice_03n065.wav	slice_03n065.wav	wav	drums	0.05	44100	2		9544	1783747919
slices/drums_170_free_drum_kit_-_doomsday_free_drum_kit_download_2026_7nrkragyuus/slice_03n066.wav	slice_03n066.wav	wav	drums	1.20	44100	2		211524	1783747919
slices/drums_170_free_drum_kit_-_doomsday_free_drum_kit_download_2026_7nrkragyuus/slice_03n067.wav	slice_03n067.wav	wav	drums	0.06	44100	2		11484	1783747919
slices/drums_170_free_drum_kit_-_doomsday_free_drum_kit_download_2026_7nrkragyuus/slice_03n068.wav	slice_03n068.wav	wav	drums	1.41	44100	2		249020	1783747919
slices/drums_170_free_drum_kit_-_doomsday_free_drum_kit_download_2026_7nrkragyuus/slice_03n069.wav	slice_03n069.wav	wav	drums	0.34	44100	2		60496	1783747919
slices/drums_170_free_drum_kit_-_doomsday_free_drum_kit_download_2026_7nrkragyuus/slice_03n070.wav	slice_03n070.wav	wav	drums	0.08	44100	2		13676	1783747919
slices/drums_170_free_drum_kit_-_doomsday_free_drum_kit_download_2026_7nrkragyuus/slice_03n071.wav	slice_03n071.wav	wav	drums	1.12	44100	2		196892	1783747919
slices/drums_170_free_drum_kit_-_doomsday_free_drum_kit_download_2026_7nrkragyuus/slice_03n072.wav	slice_03n072.wav	wav	drums	0.19	44100	2		33496	1783747919
slices/drums_170_free_drum_kit_-_doomsday_free_drum_kit_download_2026_7nrkragyuus/slice_03n073.wav	slice_03n073.wav	wav	drums	0.07	44100	2		12000	1783747919
slices/drums_170_free_drum_kit_-_doomsday_free_drum_kit_download_2026_7nrkragyuus/slice_03n074.wav	slice_03n074.wav	wav	drums	1.09	44100	2		193112	1783747919
slices/drums_170_free_drum_kit_-_doomsday_free_drum_kit_download_2026_7nrkragyuus/slice_03n075.wav	slice_03n075.wav	wav	drums	0.09	44100	2		15424	1783747919
slices/drums_170_free_drum_kit_-_doomsday_free_drum_kit_download_2026_7nrkragyuus/slice_03n076.wav	slice_03n076.wav	wav	drums	0.31	44100	2		55312	1783747919
slices/drums_170_free_drum_kit_-_doomsday_free_drum_kit_download_2026_7nrkragyuus/slice_03n077.wav	slice_03n077.wav	wav	drums	0.06	44100	2		11204	1783747919
slices/drums_170_free_drum_kit_-_doomsday_free_drum_kit_download_2026_7nrkragyuus/slice_03n078.wav	slice_03n078.wav	wav	drums	0.36	44100	2		63128	1783747919
slices/drums_170_free_drum_kit_-_doomsday_free_drum_kit_download_2026_7nrkragyuus/slice_03n079.wav	slice_03n079.wav	wav	drums	0.08	44100	2		13996	1783747919
slices/drums_170_free_drum_kit_-_doomsday_free_drum_kit_download_2026_7nrkragyuus/slice_03n080.wav	slice_03n080.wav	wav	drums	0.49	44100	2		86964	1783747919
slices/drums_170_free_drum_kit_-_doomsday_free_drum_kit_download_2026_7nrkragyuus/slice_03n081.wav	slice_03n081.wav	wav	drums	0.15	44100	2		26936	1783747919
slices/drums_170_free_drum_kit_-_doomsday_free_drum_kit_download_2026_7nrkragyuus/slice_03n082.wav	slice_03n082.wav	wav	drums	0.22	44100	2		39292	1783747919
slices/drums_170_free_drum_kit_-_doomsday_free_drum_kit_download_2026_7nrkragyuus/slice_03n083.wav	slice_03n083.wav	wav	drums	0.30	44100	2		52836	1783747919
slices/drums_170_free_drum_kit_-_doomsday_free_drum_kit_download_2026_7nrkragyuus/slice_03n084.wav	slice_03n084.wav	wav	drums	0.22	44100	2		39420	1783747919
slices/drums_170_free_drum_kit_-_doomsday_free_drum_kit_download_2026_7nrkragyuus/slice_03n085.wav	slice_03n085.wav	wav	drums	0.22	44100	2		39288	1783747919
slices/drums_170_free_drum_kit_-_doomsday_free_drum_kit_download_2026_7nrkragyuus/slice_03n086.wav	slice_03n086.wav	wav	drums	0.44	44100	2		77020	1783747919
slices/drums_170_free_drum_kit_-_doomsday_free_drum_kit_download_2026_7nrkragyuus/slice_03n087.wav	slice_03n087.wav	wav	drums	0.35	44100	2		61404	1783747919
slices/drums_170_free_drum_kit_-_doomsday_free_drum_kit_download_2026_7nrkragyuus/slice_03n088.wav	slice_03n088.wav	wav	drums	0.29	44100	2		51164	1783747919
slices/drums_170_free_drum_kit_-_doomsday_free_drum_kit_download_2026_7nrkragyuus/slice_03n089.wav	slice_03n089.wav	wav	drums	0.11	44100	2		19364	1783747919
slices/drums_170_free_drum_kit_-_doomsday_free_drum_kit_download_2026_7nrkragyuus/slice_03n090.wav	slice_03n090.wav	wav	drums	0.10	44100	2		17664	1783747919
slices/drums_170_free_drum_kit_-_doomsday_free_drum_kit_download_2026_7nrkragyuus/slice_03n091.wav	slice_03n091.wav	wav	drums	0.19	44100	2		33828	1783747919
slices/drums_170_free_drum_kit_-_doomsday_free_drum_kit_download_2026_7nrkragyuus/slice_03n092.wav	slice_03n092.wav	wav	drums	2.10	44100	2		370436	1783747919
slices/drums_170_free_drum_kit_-_doomsday_free_drum_kit_download_2026_7nrkragyuus/slice_03n093.wav	slice_03n093.wav	wav	drums	0.42	44100	2		74932	1783747919
slices/drums_170_free_drum_kit_-_doomsday_free_drum_kit_download_2026_7nrkragyuus/slice_03n094.wav	slice_03n094.wav	wav	drums	0.36	44100	2		62904	1783747919
slices/drums_170_free_drum_kit_-_doomsday_free_drum_kit_download_2026_7nrkragyuus/slice_03n095.wav	slice_03n095.wav	wav	drums	0.70	44100	2		123744	1783747919
slices/drums_170_free_drum_kit_-_doomsday_free_drum_kit_download_2026_7nrkragyuus/slice_03n096.wav	slice_03n096.wav	wav	drums	0.67	44100	2		117804	1783747919
slices/drums_170_free_drum_kit_-_doomsday_free_drum_kit_download_2026_7nrkragyuus/slice_03n097.wav	slice_03n097.wav	wav	drums	0.55	44100	2		97740	1783747919
slices/drums_170_free_drum_kit_-_doomsday_free_drum_kit_download_2026_7nrkragyuus/slice_03n098.wav	slice_03n098.wav	wav	drums	0.65	44100	2		113872	1783747919
slices/drums_170_free_drum_kit_-_doomsday_free_drum_kit_download_2026_7nrkragyuus/slice_03n099.wav	slice_03n099.wav	wav	drums	0.68	44100	2		120664	1783747919
slices/drums_170_free_drum_kit_-_doomsday_free_drum_kit_download_2026_7nrkragyuus/slice_03n100.wav	slice_03n100.wav	wav	drums	0.67	44100	2		118888	1783747919
slices/drums_170_free_drum_kit_-_doomsday_free_drum_kit_download_2026_7nrkragyuus/slice_03n101.wav	slice_03n101.wav	wav	drums	0.58	44100	2		102008	1783747919
slices/drums_170_free_drum_kit_-_doomsday_free_drum_kit_download_2026_7nrkragyuus/slice_03n102.wav	slice_03n102.wav	wav	drums	0.49	44100	2		86712	1783747919
slices/drums_170_free_drum_kit_-_doomsday_free_drum_kit_download_2026_7nrkragyuus/slice_03n103.wav	slice_03n103.wav	wav	drums	0.46	44100	2		81184	1783747919
slices/drums_170_free_drum_kit_-_doomsday_free_drum_kit_download_2026_7nrkragyuus/slice_03n104.wav	slice_03n104.wav	wav	drums	0.56	44100	2		99364	1783747919
slices/drums_170_free_drum_kit_-_doomsday_free_drum_kit_download_2026_7nrkragyuus/slice_03n105.wav	slice_03n105.wav	wav	drums	0.72	44100	2		126812	1783747919
slices/drums_170_free_drum_kit_-_doomsday_free_drum_kit_download_2026_7nrkragyuus/slice_03n106.wav	slice_03n106.wav	wav	drums	0.75	44100	2		132828	1783747919
slices/drums_170_free_drum_kit_-_doomsday_free_drum_kit_download_2026_7nrkragyuus/slice_03n107.wav	slice_03n107.wav	wav	drums	0.34	44100	2		59272	1783747919
slices/drums_170_free_drum_kit_-_doomsday_free_drum_kit_download_2026_7nrkragyuus/slice_03n108.wav	slice_03n108.wav	wav	drums	0.20	44100	2		34912	1783747919
slices/drums_170_free_drum_kit_-_doomsday_free_drum_kit_download_2026_7nrkragyuus/slice_03n109.wav	slice_03n109.wav	wav	drums	0.15	44100	2		26808	1783747919
slices/drums_170_free_drum_kit_-_doomsday_free_drum_kit_download_2026_7nrkragyuus/slice_03n110.wav	slice_03n110.wav	wav	drums	0.38	44100	2		67500	1783747919
slices/drums_170_free_drum_kit_-_doomsday_free_drum_kit_download_2026_7nrkragyuus/slice_03n111.wav	slice_03n111.wav	wav	drums	0.20	44100	2		34916	1783747919
slices/drums_170_free_drum_kit_-_doomsday_free_drum_kit_download_2026_7nrkragyuus/slice_03n112.wav	slice_03n112.wav	wav	drums	0.15	44100	2		25852	1783747919
slices/drums_170_free_drum_kit_-_doomsday_free_drum_kit_download_2026_7nrkragyuus/slice_03n113.wav	slice_03n113.wav	wav	drums	0.19	44100	2		33776	1783747919
slices/drums_170_free_drum_kit_-_doomsday_free_drum_kit_download_2026_7nrkragyuus/slice_03n114.wav	slice_03n114.wav	wav	drums	0.14	44100	2		25380	1783747919
slices/drums_170_free_drum_kit_-_doomsday_free_drum_kit_download_2026_7nrkragyuus/slice_03n115.wav	slice_03n115.wav	wav	drums	0.21	44100	2		37848	1783747919
slices/drums_170_free_drum_kit_-_doomsday_free_drum_kit_download_2026_7nrkragyuus/slice_03n116.wav	slice_03n116.wav	wav	drums	0.28	44100	2		48748	1783747919
slices/drums_170_free_drum_kit_-_doomsday_free_drum_kit_download_2026_7nrkragyuus/slice_03n117.wav	slice_03n117.wav	wav	drums	0.24	44100	2		41608	1783747919
slices/drums_170_free_drum_kit_-_doomsday_free_drum_kit_download_2026_7nrkragyuus/slice_03n118.wav	slice_03n118.wav	wav	drums	6.42	44100	2		1131864	1783747919
slices/drums_170_free_drum_kit_-_doomsday_free_drum_kit_download_2026_7nrkragyuus/slice_03n119.wav	slice_03n119.wav	wav	drums	3.90	44100	2		687732	1783747919
slices/drums_170_free_drum_kit_-_doomsday_free_drum_kit_download_2026_7nrkragyuus/slice_03n120.wav	slice_03n120.wav	wav	drums	0.11	44100	2		20316	1783747919
slices/drums_170_free_drum_kit_-_doomsday_free_drum_kit_download_2026_7nrkragyuus/slice_03n121.wav	slice_03n121.wav	wav	drums	0.06	44100	2		9800	1783747919
slices/drums_170_free_drum_kit_-_doomsday_free_drum_kit_download_2026_7nrkragyuus/slice_03n122.wav	slice_03n122.wav	wav	drums	0.15	44100	2		27292	1783747919
slices/drums_170_free_drum_kit_-_doomsday_free_drum_kit_download_2026_7nrkragyuus/slice_03n123.wav	slice_03n123.wav	wav	drums	0.71	44100	2		124448	1783747919
slices/drums_170_free_drum_kit_-_doomsday_free_drum_kit_download_2026_7nrkragyuus/slice_03n124.wav	slice_03n124.wav	wav	drums	0.37	44100	2		65088	1783747919
slices/drums_170_free_drum_kit_-_doomsday_free_drum_kit_download_2026_7nrkragyuus/slice_03n125.wav	slice_03n125.wav	wav	drums	0.27	44100	2		48020	1783747919
slices/drums_170_free_drum_kit_-_doomsday_free_drum_kit_download_2026_7nrkragyuus/slice_03n126.wav	slice_03n126.wav	wav	drums	0.12	44100	2		21220	1783747919
slices/drums_170_free_drum_kit_-_doomsday_free_drum_kit_download_2026_7nrkragyuus/slice_03n127.wav	slice_03n127.wav	wav	drums	0.11	44100	2		18748	1783747919
slices/drums_170_free_drum_kit_-_doomsday_free_drum_kit_download_2026_7nrkragyuus/slice_03n128.wav	slice_03n128.wav	wav	drums	0.13	44100	2		22592	1783747919
slices/drums_170_free_drum_kit_-_doomsday_free_drum_kit_download_2026_7nrkragyuus/slice_03n129.wav	slice_03n129.wav	wav	drums	0.05	44100	2		8180	1783747919
slices/drums_170_free_drum_kit_-_doomsday_free_drum_kit_download_2026_7nrkragyuus/slice_03n130.wav	slice_03n130.wav	wav	drums	0.07	44100	2		12024	1783747919
slices/drums_170_free_drum_kit_-_doomsday_free_drum_kit_download_2026_7nrkragyuus/slice_03n131.wav	slice_03n131.wav	wav	drums	2.67	44100	2		471328	1783747919
slices/drums_170_free_drum_kit_-_doomsday_free_drum_kit_download_2026_7nrkragyuus/slice_03n132.wav	slice_03n132.wav	wav	drums	0.33	44100	2		59064	1783747919
slices/drums_170_free_drum_kit_-_doomsday_free_drum_kit_download_2026_7nrkragyuus/slice_03n133.wav	slice_03n133.wav	wav	drums	0.08	44100	2		13768	1783747919
slices/drums_170_free_drum_kit_-_doomsday_free_drum_kit_download_2026_7nrkragyuus/slice_03n134.wav	slice_03n134.wav	wav	drums	0.36	44100	2		62728	1783747919
slices/drums_170_free_drum_kit_-_doomsday_free_drum_kit_download_2026_7nrkragyuus/slice_03n135.wav	slice_03n135.wav	wav	drums	0.57	44100	2		99896	1783747919
slices/drums_170_free_drum_kit_-_doomsday_free_drum_kit_download_2026_7nrkragyuus/slice_03n136.wav	slice_03n136.wav	wav	drums	0.12	44100	2		21416	1783747919
slices/drums_170_free_drum_kit_-_doomsday_free_drum_kit_download_2026_7nrkragyuus/slice_03n137.wav	slice_03n137.wav	wav	drums	0.06	44100	2		9944	1783747919
slices/drums_170_free_drum_kit_-_doomsday_free_drum_kit_download_2026_7nrkragyuus/slice_03n138.wav	slice_03n138.wav	wav	drums	0.04	44100	2		7640	1783747919
slices/drums_170_free_drum_kit_-_doomsday_free_drum_kit_download_2026_7nrkragyuus/slice_03n139.wav	slice_03n139.wav	wav	drums	0.06	44100	2		9756	1783747919
slices/drums_170_free_drum_kit_-_doomsday_free_drum_kit_download_2026_7nrkragyuus/slice_03n140.wav	slice_03n140.wav	wav	drums	0.05	44100	2		9668	1783747919
slices/drums_170_free_drum_kit_-_doomsday_free_drum_kit_download_2026_7nrkragyuus/slice_03n141.wav	slice_03n141.wav	wav	drums	0.06	44100	2		10824	1783747919
slices/drums_170_free_drum_kit_-_doomsday_free_drum_kit_download_2026_7nrkragyuus/slice_03n142.wav	slice_03n142.wav	wav	drums	0.09	44100	2		15800	1783747919
slices/drums_170_free_drum_kit_-_doomsday_free_drum_kit_download_2026_7nrkragyuus/slice_03n143.wav	slice_03n143.wav	wav	drums	0.05	44100	2		8832	1783747919
slices/drums_170_free_drum_kit_-_doomsday_free_drum_kit_download_2026_7nrkragyuus/slice_03n144.wav	slice_03n144.wav	wav	drums	0.05	44100	2		9344	1783747919
slices/drums_170_free_drum_kit_-_doomsday_free_drum_kit_download_2026_7nrkragyuus/slice_03n145.wav	slice_03n145.wav	wav	drums	0.05	44100	2		8828	1783747919
slices/drums_170_free_drum_kit_-_doomsday_free_drum_kit_download_2026_7nrkragyuus/slice_03n146.wav	slice_03n146.wav	wav	drums	1.66	44100	2		292496	1783747919
slices/drums_170_free_drum_kit_-_doomsday_free_drum_kit_download_2026_7nrkragyuus/slice_03n147.wav	slice_03n147.wav	wav	drums	0.48	44100	2		84180	1783747919
slices/drums_170_free_drum_kit_-_doomsday_free_drum_kit_download_2026_7nrkragyuus/slice_03n148.wav	slice_03n148.wav	wav	drums	0.13	44100	2		22196	1783747919
slices/drums_170_free_drum_kit_-_doomsday_free_drum_kit_download_2026_7nrkragyuus/slice_03n149.wav	slice_03n149.wav	wav	drums	0.13	44100	2		22152	1783747919
slices/drums_170_free_drum_kit_-_doomsday_free_drum_kit_download_2026_7nrkragyuus/slice_03n150.wav	slice_03n150.wav	wav	drums	0.11	44100	2		19980	1783747919
slices/drums_170_free_drum_kit_-_doomsday_free_drum_kit_download_2026_7nrkragyuus/slice_03n151.wav	slice_03n151.wav	wav	drums	0.11	44100	2		20100	1783747919
slices/drums_170_free_drum_kit_-_doomsday_free_drum_kit_download_2026_7nrkragyuus/slice_03n152.wav	slice_03n152.wav	wav	drums	0.11	44100	2		19364	1783747919
slices/drums_170_free_drum_kit_-_doomsday_free_drum_kit_download_2026_7nrkragyuus/slice_03n153.wav	slice_03n153.wav	wav	drums	0.11	44100	2		19324	1783747919
slices/drums_170_free_drum_kit_-_doomsday_free_drum_kit_download_2026_7nrkragyuus/slice_03n154.wav	slice_03n154.wav	wav	drums	2.05	44100	2		360800	1783747919
slices/drums_170_free_drum_kit_-_doomsday_free_drum_kit_download_2026_7nrkragyuus/slice_03n155.wav	slice_03n155.wav	wav	drums	0.75	44100	2		131772	1783747919
slices/drums_170_free_drum_kit_-_doomsday_free_drum_kit_download_2026_7nrkragyuus/slice_03n156.wav	slice_03n156.wav	wav	drums	0.10	44100	2		16940	1783747919
slices/drums_170_free_drum_kit_-_doomsday_free_drum_kit_download_2026_7nrkragyuus/slice_03n157.wav	slice_03n157.wav	wav	drums	0.47	44100	2		83756	1783747919
slices/drums_170_free_drum_kit_-_doomsday_free_drum_kit_download_2026_7nrkragyuus/slice_03n158.wav	slice_03n158.wav	wav	drums	0.11	44100	2		19672	1783747919
slices/drums_170_free_drum_kit_-_doomsday_free_drum_kit_download_2026_7nrkragyuus/slice_03n159.wav	slice_03n159.wav	wav	drums	0.08	44100	2		14844	1783747919
slices/drums_170_free_drum_kit_-_doomsday_free_drum_kit_download_2026_7nrkragyuus/slice_03n160.wav	slice_03n160.wav	wav	drums	0.11	44100	2		18940	1783747919
slices/drums_170_free_drum_kit_-_doomsday_free_drum_kit_download_2026_7nrkragyuus/slice_03n161.wav	slice_03n161.wav	wav	drums	0.26	44100	2		45508	1783747919
slices/drums_500_royalty_free_kick_drum_samples_loops_free_edm_samples_pack_vol._6_nagstyh_e_0/slice_03n001.wav	slice_03n001.wav	wav	drums	3.67	44100	2		647368	1783747917
slices/drums_500_royalty_free_kick_drum_samples_loops_free_edm_samples_pack_vol._6_nagstyh_e_0/slice_03n002.wav	slice_03n002.wav	wav	drums	3.66	44100	2		646324	1783747917
slices/drums_500_royalty_free_kick_drum_samples_loops_free_edm_samples_pack_vol._6_nagstyh_e_0/slice_03n003.wav	slice_03n003.wav	wav	drums	3.65	44100	2		643968	1783747917
slices/drums_500_royalty_free_kick_drum_samples_loops_free_edm_samples_pack_vol._6_nagstyh_e_0/slice_03n004.wav	slice_03n004.wav	wav	drums	3.65	44100	2		643864	1783747917
slices/drums_500_royalty_free_kick_drum_samples_loops_free_edm_samples_pack_vol._6_nagstyh_e_0/slice_03n005.wav	slice_03n005.wav	wav	drums	3.67	44100	2		646980	1783747917
slices/drums_500_royalty_free_kick_drum_samples_loops_free_edm_samples_pack_vol._6_nagstyh_e_0/slice_03n006.wav	slice_03n006.wav	wav	drums	3.67	44100	2		646596	1783747917
slices/drums_500_royalty_free_kick_drum_samples_loops_free_edm_samples_pack_vol._6_nagstyh_e_0/slice_03n007.wav	slice_03n007.wav	wav	drums	3.72	44100	2		656432	1783747917
slices/drums_500_royalty_free_kick_drum_samples_loops_free_edm_samples_pack_vol._6_nagstyh_e_0/slice_03n008.wav	slice_03n008.wav	wav	drums	3.65	44100	2		643516	1783747917
slices/drums_500_royalty_free_kick_drum_samples_loops_free_edm_samples_pack_vol._6_nagstyh_e_0/slice_03n009.wav	slice_03n009.wav	wav	drums	3.62	44100	2		638936	1783747917
slices/drums_500_royalty_free_kick_drum_samples_loops_free_edm_samples_pack_vol._6_nagstyh_e_0/slice_03n010.wav	slice_03n010.wav	wav	drums	3.66	44100	2		645320	1783747917
slices/drums_500_royalty_free_kick_drum_samples_loops_free_edm_samples_pack_vol._6_nagstyh_e_0/slice_03n011.wav	slice_03n011.wav	wav	drums	3.70	44100	2		653220	1783747917
slices/drums_500_royalty_free_kick_drum_samples_loops_free_edm_samples_pack_vol._6_nagstyh_e_0/slice_03n012.wav	slice_03n012.wav	wav	drums	3.65	44100	2		644292	1783747917
slices/drums_500_royalty_free_kick_drum_samples_loops_free_edm_samples_pack_vol._6_nagstyh_e_0/slice_03n013.wav	slice_03n013.wav	wav	drums	3.76	44100	2		663128	1783747917
slices/drums_500_royalty_free_kick_drum_samples_loops_free_edm_samples_pack_vol._6_nagstyh_e_0/slice_03n014.wav	slice_03n014.wav	wav	drums	3.76	44100	2		663760	1783747917
slices/drums_500_royalty_free_kick_drum_samples_loops_free_edm_samples_pack_vol._6_nagstyh_e_0/slice_03n015.wav	slice_03n015.wav	wav	drums	3.73	44100	2		658636	1783747917
slices/drums_500_royalty_free_kick_drum_samples_loops_free_edm_samples_pack_vol._6_nagstyh_e_0/slice_03n016.wav	slice_03n016.wav	wav	drums	3.66	44100	2		646196	1783747917
slices/drums_500_royalty_free_kick_drum_samples_loops_free_edm_samples_pack_vol._6_nagstyh_e_0/slice_03n017.wav	slice_03n017.wav	wav	drums	3.67	44100	2		647364	1783747917
slices/drums_500_royalty_free_kick_drum_samples_loops_free_edm_samples_pack_vol._6_nagstyh_e_0/slice_03n018.wav	slice_03n018.wav	wav	drums	3.65	44100	2		644592	1783747917
slices/drums_500_royalty_free_kick_drum_samples_loops_free_edm_samples_pack_vol._6_nagstyh_e_0/slice_03n019.wav	slice_03n019.wav	wav	drums	3.75	44100	2		662148	1783747917
slices/drums_500_royalty_free_kick_drum_samples_loops_free_edm_samples_pack_vol._6_nagstyh_e_0/slice_03n020.wav	slice_03n020.wav	wav	drums	3.70	44100	2		652808	1783747917
slices/drums_500_royalty_free_kick_drum_samples_loops_free_edm_samples_pack_vol._6_nagstyh_e_0/slice_03n021.wav	slice_03n021.wav	wav	drums	3.69	44100	2		650800	1783747917
slices/drums_500_royalty_free_kick_drum_samples_loops_free_edm_samples_pack_vol._6_nagstyh_e_0/slice_03n022.wav	slice_03n022.wav	wav	drums	3.76	44100	2		662944	1783747917
slices/drums_500_royalty_free_kick_drum_samples_loops_free_edm_samples_pack_vol._6_nagstyh_e_0/slice_03n023.wav	slice_03n023.wav	wav	drums	3.76	44100	2		663520	1783747917
slices/drums_500_royalty_free_kick_drum_samples_loops_free_edm_samples_pack_vol._6_nagstyh_e_0/slice_03n024.wav	slice_03n024.wav	wav	drums	0.26	44100	2		45208	1783747917
slices/drums_500_royalty_free_kick_drum_samples_loops_free_edm_samples_pack_vol._6_nagstyh_e_0/slice_03n025.wav	slice_03n025.wav	wav	drums	1.66	44100	2		293320	1783747917
slices/drums_500_royalty_free_kick_drum_samples_loops_free_edm_samples_pack_vol._6_nagstyh_e_0/slice_03n026.wav	slice_03n026.wav	wav	drums	1.41	44100	2		248616	1783747917
slices/drums_500_royalty_free_kick_drum_samples_loops_free_edm_samples_pack_vol._6_nagstyh_e_0/slice_03n027.wav	slice_03n027.wav	wav	drums	3.76	44100	2		664120	1783747917
slices/drums_500_royalty_free_kick_drum_samples_loops_free_edm_samples_pack_vol._6_nagstyh_e_0/slice_03n028.wav	slice_03n028.wav	wav	drums	3.75	44100	2		661784	1783747917
slices/drums_500_royalty_free_kick_drum_samples_loops_free_edm_samples_pack_vol._6_nagstyh_e_0/slice_03n029.wav	slice_03n029.wav	wav	drums	1.23	44100	2		216624	1783747917
slices/drums_500_royalty_free_kick_drum_samples_loops_free_edm_samples_pack_vol._6_nagstyh_e_0/slice_03n030.wav	slice_03n030.wav	wav	drums	1.70	44100	2		299300	1783747917
slices/drums_500_royalty_free_kick_drum_samples_loops_free_edm_samples_pack_vol._6_nagstyh_e_0/slice_03n031.wav	slice_03n031.wav	wav	drums	0.47	44100	2		82968	1783747918
slices/drums_500_royalty_free_kick_drum_samples_loops_free_edm_samples_pack_vol._6_nagstyh_e_0/slice_03n032.wav	slice_03n032.wav	wav	drums	3.72	44100	2		656152	1783747918
slices/drums_500_royalty_free_kick_drum_samples_loops_free_edm_samples_pack_vol._6_nagstyh_e_0/slice_03n033.wav	slice_03n033.wav	wav	drums	3.77	44100	2		664668	1783747918
slices/drums_500_royalty_free_kick_drum_samples_loops_free_edm_samples_pack_vol._6_nagstyh_e_0/slice_03n034.wav	slice_03n034.wav	wav	drums	3.68	44100	2		649884	1783747918
slices/drums_789_free_edm_trap_drum_samples_loops_free_drums_mega_pack_il0_dpyt9wi/slice_03n001.wav	slice_03n001.wav	wav	drums	6.06	44100	2		1069064	1783747894
slices/drums_789_free_edm_trap_drum_samples_loops_free_drums_mega_pack_il0_dpyt9wi/slice_03n002.wav	slice_03n002.wav	wav	drums	0.53	44100	2		94176	1783747894
slices/drums_789_free_edm_trap_drum_samples_loops_free_drums_mega_pack_il0_dpyt9wi/slice_03n003.wav	slice_03n003.wav	wav	drums	64.96	44100	2		11458556	1783747894
slices/drums_7_best_free_drum_vsts_in_2026_xexgupoqxje/slice_03n001.wav	slice_03n001.wav	wav	drums	0.45	44100	2		79440	1783747899
slices/drums_7_best_free_drum_vsts_in_2026_xexgupoqxje/slice_03n002.wav	slice_03n002.wav	wav	drums	0.62	44100	2		109524	1783747899
slices/drums_7_best_free_drum_vsts_in_2026_xexgupoqxje/slice_03n003.wav	slice_03n003.wav	wav	drums	0.29	44100	2		51980	1783747899
slices/drums_7_best_free_drum_vsts_in_2026_xexgupoqxje/slice_03n004.wav	slice_03n004.wav	wav	drums	6.76	44100	2		1192256	1783747899
slices/drums_7_best_free_drum_vsts_in_2026_xexgupoqxje/slice_03n005.wav	slice_03n005.wav	wav	drums	2.44	44100	2		430568	1783747899
slices/drums_7_best_free_drum_vsts_in_2026_xexgupoqxje/slice_03n006.wav	slice_03n006.wav	wav	drums	7.06	44100	2		1244788	1783747899
slices/drums_7_best_free_drum_vsts_in_2026_xexgupoqxje/slice_03n007.wav	slice_03n007.wav	wav	drums	2.48	44100	2		437120	1783747899
slices/drums_7_best_free_drum_vsts_in_2026_xexgupoqxje/slice_03n008.wav	slice_03n008.wav	wav	drums	1.50	44100	2		265320	1783747899
slices/drums_7_best_free_drum_vsts_in_2026_xexgupoqxje/slice_03n009.wav	slice_03n009.wav	wav	drums	3.92	44100	2		691940	1783747899
slices/drums_7_best_free_drum_vsts_in_2026_xexgupoqxje/slice_03n010.wav	slice_03n010.wav	wav	drums	3.85	44100	2		679716	1783747899
slices/drums_7_best_free_drum_vsts_in_2026_xexgupoqxje/slice_03n011.wav	slice_03n011.wav	wav	drums	0.13	44100	2		22412	1783747899
slices/drums_7_best_free_drum_vsts_in_2026_xexgupoqxje/slice_03n012.wav	slice_03n012.wav	wav	drums	2.98	44100	2		525136	1783747899
slices/drums_7_best_free_drum_vsts_in_2026_xexgupoqxje/slice_03n013.wav	slice_03n013.wav	wav	drums	9.82	44100	2		1731744	1783747899
slices/drums_7_best_free_drum_vsts_in_2026_xexgupoqxje/slice_03n014.wav	slice_03n014.wav	wav	drums	5.46	44100	2		963784	1783747899
slices/drums_7_best_free_drum_vsts_in_2026_xexgupoqxje/slice_03n015.wav	slice_03n015.wav	wav	drums	18.18	44100	2		3206888	1783747900
slices/drums_7_best_free_drum_vsts_in_2026_xexgupoqxje/slice_03n016.wav	slice_03n016.wav	wav	drums	2.45	44100	2		431516	1783747900
slices/drums_7_best_free_drum_vsts_in_2026_xexgupoqxje/slice_03n017.wav	slice_03n017.wav	wav	drums	11.37	44100	2		2005568	1783747900
slices/drums_7_best_free_drum_vsts_in_2026_xexgupoqxje/slice_03n018.wav	slice_03n018.wav	wav	drums	5.07	44100	2		893824	1783747900
slices/drums_7_best_free_drum_vsts_in_2026_xexgupoqxje/slice_03n019.wav	slice_03n019.wav	wav	drums	2.33	44100	2		410900	1783747900
slices/drums_7_best_free_drum_vsts_in_2026_xexgupoqxje/slice_03n020.wav	slice_03n020.wav	wav	drums	2.64	44100	2		464880	1783747900
slices/drums_7_best_free_drum_vsts_in_2026_xexgupoqxje/slice_03n021.wav	slice_03n021.wav	wav	drums	0.73	44100	2		129472	1783747900
slices/drums_7_best_free_drum_vsts_in_2026_xexgupoqxje/slice_03n022.wav	slice_03n022.wav	wav	drums	7.52	44100	2		1327448	1783747900
slices/drums_7_best_free_drum_vsts_in_2026_xexgupoqxje/slice_03n023.wav	slice_03n023.wav	wav	drums	2.42	44100	2		426936	1783747900
slices/drums_7_best_free_drum_vsts_in_2026_xexgupoqxje/slice_03n024.wav	slice_03n024.wav	wav	drums	1.24	44100	2		218328	1783747900
slices/drums_7_best_free_drum_vsts_in_2026_xexgupoqxje/slice_03n025.wav	slice_03n025.wav	wav	drums	0.46	44100	2		81296	1783747900
slices/drums_7_best_free_drum_vsts_in_2026_xexgupoqxje/slice_03n026.wav	slice_03n026.wav	wav	drums	0.60	44100	2		106724	1783747900
slices/drums_7_best_free_drum_vsts_in_2026_xexgupoqxje/slice_03n027.wav	slice_03n027.wav	wav	drums	4.19	44100	2		738688	1783747900
slices/drums_7_best_free_drum_vsts_in_2026_xexgupoqxje/slice_03n028.wav	slice_03n028.wav	wav	drums	1.17	44100	2		206936	1783747900
slices/drums_7_best_free_drum_vsts_in_2026_xexgupoqxje/slice_03n029.wav	slice_03n029.wav	wav	drums	2.84	44100	2		500404	1783747900
slices/drums_7_best_free_drum_vsts_in_2026_xexgupoqxje/slice_03n030.wav	slice_03n030.wav	wav	drums	2.67	44100	2		470696	1783747900
slices/drums_7_best_free_drum_vsts_in_2026_xexgupoqxje/slice_03n031.wav	slice_03n031.wav	wav	drums	0.55	44100	2		97396	1783747900
slices/drums_7_best_free_drum_vsts_in_2026_xexgupoqxje/slice_03n032.wav	slice_03n032.wav	wav	drums	7.57	44100	2		1334652	1783747900
slices/drums_7_best_free_drum_vsts_in_2026_xexgupoqxje/slice_03n033.wav	slice_03n033.wav	wav	drums	12.58	44100	2		2218432	1783747900
slices/drums_7_best_free_drum_vsts_in_2026_xexgupoqxje/slice_03n034.wav	slice_03n034.wav	wav	drums	1.61	44100	2		283932	1783747900
slices/drums_7_best_free_drum_vsts_in_2026_xexgupoqxje/slice_03n035.wav	slice_03n035.wav	wav	drums	1.85	44100	2		325516	1783747900
slices/drums_7_best_free_drum_vsts_in_2026_xexgupoqxje/slice_03n036.wav	slice_03n036.wav	wav	drums	1.74	44100	2		307792	1783747900
slices/drums_7_best_free_drum_vsts_in_2026_xexgupoqxje/slice_03n037.wav	slice_03n037.wav	wav	drums	7.00	44100	2		1234644	1783747900
slices/drums_7_best_free_drum_vsts_in_2026_xexgupoqxje/slice_03n038.wav	slice_03n038.wav	wav	drums	24.26	44100	2		4280080	1783747900
slices/drums_7_best_free_drum_vsts_in_2026_xexgupoqxje/slice_03n039.wav	slice_03n039.wav	wav	drums	0.23	44100	2		40736	1783747900
slices/drums_7_best_free_drum_vsts_in_2026_xexgupoqxje/slice_03n040.wav	slice_03n040.wav	wav	drums	0.23	44100	2		41204	1783747900
slices/drums_7_best_free_drum_vsts_in_2026_xexgupoqxje/slice_03n041.wav	slice_03n041.wav	wav	drums	0.67	44100	2		119048	1783747900
slices/drums_7_best_free_drum_vsts_in_2026_xexgupoqxje/slice_03n042.wav	slice_03n042.wav	wav	drums	0.98	44100	2		173232	1783747900
slices/drums_7_best_free_drum_vsts_in_2026_xexgupoqxje/slice_03n043.wav	slice_03n043.wav	wav	drums	0.71	44100	2		125128	1783747900
slices/drums_7_best_free_drum_vsts_in_2026_xexgupoqxje/slice_03n044.wav	slice_03n044.wav	wav	drums	0.51	44100	2		89180	1783747900
slices/drums_7_best_free_drum_vsts_in_2026_xexgupoqxje/slice_03n045.wav	slice_03n045.wav	wav	drums	0.20	44100	2		34708	1783747900
slices/drums_7_best_free_drum_vsts_in_2026_xexgupoqxje/slice_03n046.wav	slice_03n046.wav	wav	drums	0.65	44100	2		115416	1783747900
slices/drums_7_best_free_drum_vsts_in_2026_xexgupoqxje/slice_03n047.wav	slice_03n047.wav	wav	drums	0.16	44100	2		28160	1783747900
slices/drums_7_best_free_drum_vsts_in_2026_xexgupoqxje/slice_03n048.wav	slice_03n048.wav	wav	drums	18.29	44100	2		3227184	1783747900
slices/drums_7_best_free_drum_vsts_in_2026_xexgupoqxje/slice_03n049.wav	slice_03n049.wav	wav	drums	3.06	44100	2		539208	1783747900
slices/drums_7_best_free_drum_vsts_in_2026_xexgupoqxje/slice_03n050.wav	slice_03n050.wav	wav	drums	1.53	44100	2		269552	1783747900
slices/drums_7_best_free_drum_vsts_in_2026_xexgupoqxje/slice_03n051.wav	slice_03n051.wav	wav	drums	3.34	44100	2		589168	1783747900
slices/drums_7_best_free_drum_vsts_in_2026_xexgupoqxje/slice_03n052.wav	slice_03n052.wav	wav	drums	1.39	44100	2		244392	1783747900
slices/drums_7_best_free_drum_vsts_in_2026_xexgupoqxje/slice_03n053.wav	slice_03n053.wav	wav	drums	2.45	44100	2		433092	1783747900
slices/drums_7_best_free_drum_vsts_in_2026_xexgupoqxje/slice_03n054.wav	slice_03n054.wav	wav	drums	1.63	44100	2		287432	1783747900
slices/drums_7_best_free_drum_vsts_in_2026_xexgupoqxje/slice_03n055.wav	slice_03n055.wav	wav	drums	1.60	44100	2		282312	1783747900
slices/drums_7_best_free_drum_vsts_in_2026_xexgupoqxje/slice_03n056.wav	slice_03n056.wav	wav	drums	0.27	44100	2		47324	1783747900
slices/drums_7_best_free_drum_vsts_in_2026_xexgupoqxje/slice_03n057.wav	slice_03n057.wav	wav	drums	0.78	44100	2		138200	1783747900
slices/drums_7_best_free_drum_vsts_in_2026_xexgupoqxje/slice_03n058.wav	slice_03n058.wav	wav	drums	2.25	44100	2		396632	1783747900
slices/drums_7_best_free_drum_vsts_in_2026_xexgupoqxje/slice_03n059.wav	slice_03n059.wav	wav	drums	1.12	44100	2		197780	1783747900
slices/drums_7_best_free_drum_vsts_in_2026_xexgupoqxje/slice_03n060.wav	slice_03n060.wav	wav	drums	1.55	44100	2		274268	1783747900
slices/drums_7_best_free_drum_vsts_in_2026_xexgupoqxje/slice_03n061.wav	slice_03n061.wav	wav	drums	1.51	44100	2		266444	1783747900
slices/drums_7_best_free_drum_vsts_in_2026_xexgupoqxje/slice_03n062.wav	slice_03n062.wav	wav	drums	3.98	44100	2		702460	1783747900
slices/drums_7_best_free_drum_vsts_in_2026_xexgupoqxje/slice_03n063.wav	slice_03n063.wav	wav	drums	1.17	44100	2		205732	1783747900
slices/drums_7_best_free_drum_vsts_in_2026_xexgupoqxje/slice_03n064.wav	slice_03n064.wav	wav	drums	2.32	44100	2		409096	1783747900
slices/drums_7_best_free_drum_vsts_in_2026_xexgupoqxje/slice_03n065.wav	slice_03n065.wav	wav	drums	0.93	44100	2		164768	1783747900
slices/drums_7_best_free_drum_vsts_in_2026_xexgupoqxje/slice_03n066.wav	slice_03n066.wav	wav	drums	2.94	44100	2		518320	1783747900
slices/drums_7_best_free_drum_vsts_in_2026_xexgupoqxje/slice_03n067.wav	slice_03n067.wav	wav	drums	1.68	44100	2		295588	1783747900
slices/drums_7_best_free_drum_vsts_in_2026_xexgupoqxje/slice_03n068.wav	slice_03n068.wav	wav	drums	2.09	44100	2		367936	1783747900
slices/drums_7_best_free_drum_vsts_in_2026_xexgupoqxje/slice_03n069.wav	slice_03n069.wav	wav	drums	3.28	44100	2		578596	1783747900
slices/drums_7_best_free_drum_vsts_in_2026_xexgupoqxje/slice_03n070.wav	slice_03n070.wav	wav	drums	1.51	44100	2		266644	1783747900
slices/drums_7_best_free_drum_vsts_in_2026_xexgupoqxje/slice_03n071.wav	slice_03n071.wav	wav	drums	1.25	44100	2		220980	1783747900
slices/drums_7_best_free_drum_vsts_in_2026_xexgupoqxje/slice_03n072.wav	slice_03n072.wav	wav	drums	1.97	44100	2		348056	1783747900
slices/drums_7_best_free_drum_vsts_in_2026_xexgupoqxje/slice_03n073.wav	slice_03n073.wav	wav	drums	4.18	44100	2		738128	1783747900
slices/drums_7_best_free_drum_vsts_in_2026_xexgupoqxje/slice_03n074.wav	slice_03n074.wav	wav	drums	1.39	44100	2		245220	1783747900
slices/drums_7_best_free_drum_vsts_in_2026_xexgupoqxje/slice_03n075.wav	slice_03n075.wav	wav	drums	0.12	44100	2		21160	1783747900
slices/drums_7_best_free_drum_vsts_in_2026_xexgupoqxje/slice_03n076.wav	slice_03n076.wav	wav	drums	0.36	44100	2		63152	1783747900
slices/drums_7_best_free_drum_vsts_in_2026_xexgupoqxje/slice_03n077.wav	slice_03n077.wav	wav	drums	0.07	44100	2		11700	1783747900
slices/drums_7_best_free_drum_vsts_in_2026_xexgupoqxje/slice_03n078.wav	slice_03n078.wav	wav	drums	0.05	44100	2		8528	1783747900
slices/drums_7_best_free_drum_vsts_in_2026_xexgupoqxje/slice_03n079.wav	slice_03n079.wav	wav	drums	0.14	44100	2		25480	1783747900
slices/drums_7_best_free_drum_vsts_in_2026_xexgupoqxje/slice_03n080.wav	slice_03n080.wav	wav	drums	0.38	44100	2		66848	1783747900
slices/drums_7_best_free_drum_vsts_in_2026_xexgupoqxje/slice_03n081.wav	slice_03n081.wav	wav	drums	0.09	44100	2		16560	1783747900
slices/drums_7_best_free_drum_vsts_in_2026_xexgupoqxje/slice_03n082.wav	slice_03n082.wav	wav	drums	0.38	44100	2		66364	1783747900
slices/drums_7_best_free_drum_vsts_in_2026_xexgupoqxje/slice_03n083.wav	slice_03n083.wav	wav	drums	0.07	44100	2		11836	1783747900
slices/drums_7_best_free_drum_vsts_in_2026_xexgupoqxje/slice_03n084.wav	slice_03n084.wav	wav	drums	0.05	44100	2		8688	1783747900
slices/drums_7_best_free_drum_vsts_in_2026_xexgupoqxje/slice_03n085.wav	slice_03n085.wav	wav	drums	17.31	44100	2		3053136	1783747900
slices/drums_7_best_free_drum_vsts_in_2026_xexgupoqxje/slice_03n086.wav	slice_03n086.wav	wav	drums	5.86	44100	2		1034580	1783747900
slices/drums_7_best_free_drum_vsts_in_2026_xexgupoqxje/slice_03n087.wav	slice_03n087.wav	wav	drums	0.88	44100	2		155228	1783747900
slices/drums_7_best_free_drum_vsts_in_2026_xexgupoqxje/slice_03n088.wav	slice_03n088.wav	wav	drums	2.28	44100	2		401764	1783747900
slices/drums_7_best_free_drum_vsts_in_2026_xexgupoqxje/slice_03n089.wav	slice_03n089.wav	wav	drums	5.43	44100	2		957780	1783747900
slices/drums_7_best_free_drum_vsts_in_2026_xexgupoqxje/slice_03n090.wav	slice_03n090.wav	wav	drums	2.42	44100	2		426252	1783747900
slices/drums_7_best_free_drum_vsts_in_2026_xexgupoqxje/slice_03n091.wav	slice_03n091.wav	wav	drums	0.21	44100	2		36332	1783747900
slices/drums_7_best_free_drum_vsts_in_2026_xexgupoqxje/slice_03n092.wav	slice_03n092.wav	wav	drums	0.41	44100	2		72076	1783747900
slices/drums_7_best_free_drum_vsts_in_2026_xexgupoqxje/slice_03n093.wav	slice_03n093.wav	wav	drums	0.88	44100	2		155892	1783747900
slices/drums_7_best_free_drum_vsts_in_2026_xexgupoqxje/slice_03n094.wav	slice_03n094.wav	wav	drums	0.26	44100	2		46184	1783747900
slices/drums_7_best_free_drum_vsts_in_2026_xexgupoqxje/slice_03n095.wav	slice_03n095.wav	wav	drums	0.29	44100	2		51812	1783747900
slices/drums_7_best_free_drum_vsts_in_2026_xexgupoqxje/slice_03n096.wav	slice_03n096.wav	wav	drums	1.83	44100	2		322288	1783747900
slices/drums_7_best_free_drum_vsts_in_2026_xexgupoqxje/slice_03n097.wav	slice_03n097.wav	wav	drums	9.27	44100	2		1634892	1783747900
slices/drums_7_best_free_drum_vsts_in_2026_xexgupoqxje/slice_03n098.wav	slice_03n098.wav	wav	drums	1.75	44100	2		308988	1783747900
slices/drums_7_best_free_drum_vsts_in_2026_xexgupoqxje/slice_03n099.wav	slice_03n099.wav	wav	drums	3.43	44100	2		604836	1783747900
slices/drums_7_best_free_drum_vsts_in_2026_xexgupoqxje/slice_03n100.wav	slice_03n100.wav	wav	drums	1.80	44100	2		318412	1783747900
slices/drums_7_best_free_drum_vsts_in_2026_xexgupoqxje/slice_03n101.wav	slice_03n101.wav	wav	drums	1.79	44100	2		315292	1783747900
slices/drums_7_best_free_drum_vsts_in_2026_xexgupoqxje/slice_03n102.wav	slice_03n102.wav	wav	drums	2.94	44100	2		519100	1783747900
slices/drums_7_best_free_drum_vsts_in_2026_xexgupoqxje/slice_03n103.wav	slice_03n103.wav	wav	drums	2.28	44100	2		402428	1783747900
slices/drums_7_best_free_drum_vsts_in_2026_xexgupoqxje/slice_03n104.wav	slice_03n104.wav	wav	drums	2.10	44100	2		370824	1783747900
slices/drums_7_best_free_drum_vsts_in_2026_xexgupoqxje/slice_03n105.wav	slice_03n105.wav	wav	drums	1.45	44100	2		256620	1783747900
slices/drums_7_best_free_drum_vsts_in_2026_xexgupoqxje/slice_03n106.wav	slice_03n106.wav	wav	drums	1.20	44100	2		211344	1783747900
slices/drums_7_best_free_drum_vsts_in_2026_xexgupoqxje/slice_03n107.wav	slice_03n107.wav	wav	drums	0.77	44100	2		136436	1783747900
slices/drums_7_best_free_drum_vsts_in_2026_xexgupoqxje/slice_03n108.wav	slice_03n108.wav	wav	drums	1.32	44100	2		233528	1783747900
slices/drums_7_best_free_drum_vsts_in_2026_xexgupoqxje/slice_03n109.wav	slice_03n109.wav	wav	drums	2.35	44100	2		415196	1783747900
slices/drums_7_best_free_drum_vsts_in_2026_xexgupoqxje/slice_03n110.wav	slice_03n110.wav	wav	drums	3.13	44100	2		552172	1783747900
slices/drums_7_best_free_drum_vsts_in_2026_xexgupoqxje/slice_03n111.wav	slice_03n111.wav	wav	drums	1.57	44100	2		277536	1783747900
slices/drums_7_best_free_drum_vsts_in_2026_xexgupoqxje/slice_03n112.wav	slice_03n112.wav	wav	drums	0.80	44100	2		141848	1783747900
slices/drums_7_best_free_drum_vsts_in_2026_xexgupoqxje/slice_03n113.wav	slice_03n113.wav	wav	drums	2.85	44100	2		502240	1783747900
slices/drums_7_best_free_drum_vsts_in_2026_xexgupoqxje/slice_03n114.wav	slice_03n114.wav	wav	drums	3.92	44100	2		691444	1783747900
slices/drums_7_best_free_drum_vsts_in_2026_xexgupoqxje/slice_03n115.wav	slice_03n115.wav	wav	drums	2.26	44100	2		398540	1783747900
slices/drums_7_best_free_drum_vsts_in_2026_xexgupoqxje/slice_03n116.wav	slice_03n116.wav	wav	drums	3.15	44100	2		556352	1783747900
slices/drums_7_best_free_drum_vsts_in_2026_xexgupoqxje/slice_03n117.wav	slice_03n117.wav	wav	drums	0.24	44100	2		41924	1783747900
slices/drums_7_best_free_drum_vsts_in_2026_xexgupoqxje/slice_03n118.wav	slice_03n118.wav	wav	drums	0.81	44100	2		142596	1783747900
slices/drums_7_best_free_drum_vsts_in_2026_xexgupoqxje/slice_03n119.wav	slice_03n119.wav	wav	drums	0.27	44100	2		47964	1783747900
slices/drums_7_best_free_drum_vsts_in_2026_xexgupoqxje/slice_03n120.wav	slice_03n120.wav	wav	drums	0.28	44100	2		48584	1783747900
slices/drums_7_best_free_drum_vsts_in_2026_xexgupoqxje/slice_03n121.wav	slice_03n121.wav	wav	drums	0.34	44100	2		60492	1783747900
slices/drums_7_best_free_drum_vsts_in_2026_xexgupoqxje/slice_03n122.wav	slice_03n122.wav	wav	drums	0.15	44100	2		26772	1783747900
slices/drums_7_best_free_drum_vsts_in_2026_xexgupoqxje/slice_03n123.wav	slice_03n123.wav	wav	drums	0.08	44100	2		14696	1783747900
slices/drums_7_best_free_drum_vsts_in_2026_xexgupoqxje/slice_03n124.wav	slice_03n124.wav	wav	drums	0.35	44100	2		60960	1783747900
slices/drums_7_best_free_drum_vsts_in_2026_xexgupoqxje/slice_03n125.wav	slice_03n125.wav	wav	drums	0.65	44100	2		114216	1783747900
slices/drums_7_best_free_drum_vsts_in_2026_xexgupoqxje/slice_03n126.wav	slice_03n126.wav	wav	drums	0.07	44100	2		13272	1783747900
slices/drums_7_best_free_drum_vsts_in_2026_xexgupoqxje/slice_03n127.wav	slice_03n127.wav	wav	drums	0.24	44100	2		41832	1783747900
slices/drums_7_best_free_drum_vsts_in_2026_xexgupoqxje/slice_03n128.wav	slice_03n128.wav	wav	drums	0.27	44100	2		46872	1783747900
slices/drums_7_best_free_drum_vsts_in_2026_xexgupoqxje/slice_03n129.wav	slice_03n129.wav	wav	drums	7.30	44100	2		1288504	1783747901
slices/drums_7_best_free_drum_vsts_in_2026_xexgupoqxje/slice_03n130.wav	slice_03n130.wav	wav	drums	1.42	44100	2		251128	1783747901
slices/drums_7_best_free_drum_vsts_in_2026_xexgupoqxje/slice_03n131.wav	slice_03n131.wav	wav	drums	1.34	44100	2		235880	1783747901
slices/drums_7_best_free_drum_vsts_in_2026_xexgupoqxje/slice_03n132.wav	slice_03n132.wav	wav	drums	0.45	44100	2		80136	1783747901
slices/drums_7_best_free_drum_vsts_in_2026_xexgupoqxje/slice_03n133.wav	slice_03n133.wav	wav	drums	0.86	44100	2		151256	1783747901
slices/drums_7_best_free_drum_vsts_in_2026_xexgupoqxje/slice_03n134.wav	slice_03n134.wav	wav	drums	4.08	44100	2		719176	1783747901
slices/drums_7_best_free_drum_vsts_in_2026_xexgupoqxje/slice_03n135.wav	slice_03n135.wav	wav	drums	1.96	44100	2		345288	1783747901
slices/drums_7_best_free_drum_vsts_in_2026_xexgupoqxje/slice_03n136.wav	slice_03n136.wav	wav	drums	3.66	44100	2		645220	1783747901
slices/drums_7_best_free_drum_vsts_in_2026_xexgupoqxje/slice_03n137.wav	slice_03n137.wav	wav	drums	2.35	44100	2		414400	1783747901
slices/drums_7_best_free_drum_vsts_in_2026_xexgupoqxje/slice_03n138.wav	slice_03n138.wav	wav	drums	1.43	44100	2		252180	1783747901
slices/drums_7_best_free_drum_vsts_in_2026_xexgupoqxje/slice_03n139.wav	slice_03n139.wav	wav	drums	2.73	44100	2		481508	1783747901
slices/drums_7_best_free_drum_vsts_in_2026_xexgupoqxje/slice_03n140.wav	slice_03n140.wav	wav	drums	3.61	44100	2		637116	1783747901
slices/drums_7_best_free_drum_vsts_in_2026_xexgupoqxje/slice_03n141.wav	slice_03n141.wav	wav	drums	4.26	44100	2		751456	1783747901
slices/drums_7_best_free_drum_vsts_in_2026_xexgupoqxje/slice_03n142.wav	slice_03n142.wav	wav	drums	1.39	44100	2		244876	1783747901
slices/drums_7_best_free_drum_vsts_in_2026_xexgupoqxje/slice_03n143.wav	slice_03n143.wav	wav	drums	1.53	44100	2		269824	1783747901
slices/drums_7_best_free_drum_vsts_in_2026_xexgupoqxje/slice_03n144.wav	slice_03n144.wav	wav	drums	0.71	44100	2		124416	1783747901
slices/drums_7_best_free_drum_vsts_in_2026_xexgupoqxje/slice_03n145.wav	slice_03n145.wav	wav	drums	3.64	44100	2		641872	1783747901
slices/drums_7_best_free_drum_vsts_in_2026_xexgupoqxje/slice_03n146.wav	slice_03n146.wav	wav	drums	4.77	44100	2		842172	1783747901
slices/drums_7_best_free_drum_vsts_in_2026_xexgupoqxje/slice_03n147.wav	slice_03n147.wav	wav	drums	1.59	44100	2		280216	1783747901
slices/drums_7_best_free_drum_vsts_in_2026_xexgupoqxje/slice_03n148.wav	slice_03n148.wav	wav	drums	0.74	44100	2		129704	1783747901
slices/drums_7_best_free_drum_vsts_in_2026_xexgupoqxje/slice_03n149.wav	slice_03n149.wav	wav	drums	4.33	44100	2		764676	1783747901
slices/drums_7_best_free_drum_vsts_in_2026_xexgupoqxje/slice_03n150.wav	slice_03n150.wav	wav	drums	3.38	44100	2		596236	1783747901
slices/drums_7_best_free_drum_vsts_in_2026_xexgupoqxje/slice_03n151.wav	slice_03n151.wav	wav	drums	1.75	44100	2		308872	1783747901
slices/drums_7_best_free_drum_vsts_in_2026_xexgupoqxje/slice_03n152.wav	slice_03n152.wav	wav	drums	1.06	44100	2		186232	1783747901
slices/drums_7_best_free_drum_vsts_in_2026_xexgupoqxje/slice_03n153.wav	slice_03n153.wav	wav	drums	0.42	44100	2		73796	1783747901
slices/drums_7_best_free_drum_vsts_in_2026_xexgupoqxje/slice_03n154.wav	slice_03n154.wav	wav	drums	0.05	44100	2		8476	1783747901
slices/drums_7_best_free_drum_vsts_in_2026_xexgupoqxje/slice_03n155.wav	slice_03n155.wav	wav	drums	3.15	44100	2		555576	1783747901
slices/drums_7_best_free_drum_vsts_in_2026_xexgupoqxje/slice_03n156.wav	slice_03n156.wav	wav	drums	3.29	44100	2		580488	1783747901
slices/drums_7_best_free_drum_vsts_in_2026_xexgupoqxje/slice_03n157.wav	slice_03n157.wav	wav	drums	2.47	44100	2		435404	1783747901
slices/drums_7_best_free_drum_vsts_in_2026_xexgupoqxje/slice_03n158.wav	slice_03n158.wav	wav	drums	2.46	44100	2		433860	1783747901
slices/drums_7_best_free_drum_vsts_in_2026_xexgupoqxje/slice_03n159.wav	slice_03n159.wav	wav	drums	0.25	44100	2		44076	1783747901
slices/drums_7_best_free_drum_vsts_in_2026_xexgupoqxje/slice_03n160.wav	slice_03n160.wav	wav	drums	1.21	44100	2		213256	1783747901
slices/drums_7_best_free_drum_vsts_in_2026_xexgupoqxje/slice_03n161.wav	slice_03n161.wav	wav	drums	1.44	44100	2		254612	1783747901
slices/drums_7_best_free_drum_vsts_in_2026_xexgupoqxje/slice_03n162.wav	slice_03n162.wav	wav	drums	1.09	44100	2		192220	1783747901
slices/drums_7_best_free_drum_vsts_in_2026_xexgupoqxje/slice_03n163.wav	slice_03n163.wav	wav	drums	1.87	44100	2		329400	1783747901
slices/drums_7_best_free_drum_vsts_in_2026_xexgupoqxje/slice_03n164.wav	slice_03n164.wav	wav	drums	3.29	44100	2		581060	1783747901
slices/drums_7_best_free_drum_vsts_in_2026_xexgupoqxje/slice_03n165.wav	slice_03n165.wav	wav	drums	2.09	44100	2		369544	1783747901
slices/drums_7_best_free_drum_vsts_in_2026_xexgupoqxje/slice_03n166.wav	slice_03n166.wav	wav	drums	1.10	44100	2		193872	1783747901
slices/drums_7_best_free_drum_vsts_in_2026_xexgupoqxje/slice_03n167.wav	slice_03n167.wav	wav	drums	2.05	44100	2		360884	1783747901
slices/drums_7_best_free_drum_vsts_in_2026_xexgupoqxje/slice_03n168.wav	slice_03n168.wav	wav	drums	0.67	44100	2		118032	1783747901
slices/drums_7_best_free_drum_vsts_in_2026_xexgupoqxje/slice_03n169.wav	slice_03n169.wav	wav	drums	0.87	44100	2		152912	1783747901
slices/drums_7_best_free_drum_vsts_in_2026_xexgupoqxje/slice_03n170.wav	slice_03n170.wav	wav	drums	1.76	44100	2		310856	1783747901
slices/drums_7_best_free_drum_vsts_in_2026_xexgupoqxje/slice_03n171.wav	slice_03n171.wav	wav	drums	1.76	44100	2		310852	1783747901
slices/drums_7_best_free_drum_vsts_in_2026_xexgupoqxje/slice_03n172.wav	slice_03n172.wav	wav	drums	1.86	44100	2		327388	1783747901
slices/drums_7_best_free_drum_vsts_in_2026_xexgupoqxje/slice_03n173.wav	slice_03n173.wav	wav	drums	0.90	44100	2		158684	1783747901
slices/drums_7_best_free_drum_vsts_in_2026_xexgupoqxje/slice_03n174.wav	slice_03n174.wav	wav	drums	1.73	44100	2		305224	1783747901
slices/drums_7_best_free_drum_vsts_in_2026_xexgupoqxje/slice_03n175.wav	slice_03n175.wav	wav	drums	2.73	44100	2		481904	1783747901
slices/drums_7_best_free_drum_vsts_in_2026_xexgupoqxje/slice_03n176.wav	slice_03n176.wav	wav	drums	2.82	44100	2		498144	1783747901
slices/drums_7_best_free_drum_vsts_in_2026_xexgupoqxje/slice_03n177.wav	slice_03n177.wav	wav	drums	0.96	44100	2		169772	1783747901
slices/drums_7_best_free_drum_vsts_in_2026_xexgupoqxje/slice_03n178.wav	slice_03n178.wav	wav	drums	2.12	44100	2		374848	1783747901
slices/drums_7_best_free_drum_vsts_in_2026_xexgupoqxje/slice_03n179.wav	slice_03n179.wav	wav	drums	2.33	44100	2		411044	1783747901
slices/drums_7_best_free_drum_vsts_in_2026_xexgupoqxje/slice_03n180.wav	slice_03n180.wav	wav	drums	2.43	44100	2		429080	1783747901
slices/drums_7_best_free_drum_vsts_in_2026_xexgupoqxje/slice_03n181.wav	slice_03n181.wav	wav	drums	24.33	44100	2		4291608	1783747901
slices/drums_7_best_free_drum_vsts_in_2026_xexgupoqxje/slice_03n182.wav	slice_03n182.wav	wav	drums	7.67	44100	2		1352464	1783747901
slices/drums_7_best_free_drum_vsts_in_2026_xexgupoqxje/slice_03n183.wav	slice_03n183.wav	wav	drums	1.09	44100	2		192816	1783747901
slices/drums_7_best_free_drum_vsts_in_2026_xexgupoqxje/slice_03n184.wav	slice_03n184.wav	wav	drums	4.28	44100	2		755852	1783747901
slices/drums_7_best_free_drum_vsts_in_2026_xexgupoqxje/slice_03n185.wav	slice_03n185.wav	wav	drums	1.99	44100	2		351224	1783747901
slices/drums_7_best_free_drum_vsts_in_2026_xexgupoqxje/slice_03n186.wav	slice_03n186.wav	wav	drums	0.87	44100	2		152756	1783747901
slices/drums_7_best_free_drum_vsts_in_2026_xexgupoqxje/slice_03n187.wav	slice_03n187.wav	wav	drums	3.04	44100	2		536992	1783747901
slices/drums_every_producer_needs_this_free_sauce_vsts_sounds_drum_kits_sites_ija_a1b14jk/slice_03n001.wav	slice_03n001.wav	wav	drums	3.45	44100	2		607792	1783747910
slices/drums_every_producer_needs_this_free_sauce_vsts_sounds_drum_kits_sites_ija_a1b14jk/slice_03n002.wav	slice_03n002.wav	wav	drums	0.92	44100	2		161912	1783747910
slices/drums_every_producer_needs_this_free_sauce_vsts_sounds_drum_kits_sites_ija_a1b14jk/slice_03n003.wav	slice_03n003.wav	wav	drums	2.17	44100	2		382820	1783747910
slices/drums_every_producer_needs_this_free_sauce_vsts_sounds_drum_kits_sites_ija_a1b14jk/slice_03n004.wav	slice_03n004.wav	wav	drums	4.66	44100	2		821940	1783747910
slices/drums_every_producer_needs_this_free_sauce_vsts_sounds_drum_kits_sites_ija_a1b14jk/slice_03n005.wav	slice_03n005.wav	wav	drums	0.90	44100	2		157984	1783747910
slices/drums_every_producer_needs_this_free_sauce_vsts_sounds_drum_kits_sites_ija_a1b14jk/slice_03n006.wav	slice_03n006.wav	wav	drums	18.00	44100	2		3175080	1783747910
slices/drums_every_producer_needs_this_free_sauce_vsts_sounds_drum_kits_sites_ija_a1b14jk/slice_03n007.wav	slice_03n007.wav	wav	drums	0.61	44100	2		107504	1783747910
slices/drums_every_producer_needs_this_free_sauce_vsts_sounds_drum_kits_sites_ija_a1b14jk/slice_03n008.wav	slice_03n008.wav	wav	drums	0.52	44100	2		90896	1783747910
slices/drums_every_producer_needs_this_free_sauce_vsts_sounds_drum_kits_sites_ija_a1b14jk/slice_03n009.wav	slice_03n009.wav	wav	drums	1.04	44100	2		183300	1783747910
slices/drums_every_producer_needs_this_free_sauce_vsts_sounds_drum_kits_sites_ija_a1b14jk/slice_03n010.wav	slice_03n010.wav	wav	drums	1.39	44100	2		245728	1783747910
slices/drums_every_producer_needs_this_free_sauce_vsts_sounds_drum_kits_sites_ija_a1b14jk/slice_03n011.wav	slice_03n011.wav	wav	drums	2.81	44100	2		496096	1783747910
slices/drums_every_producer_needs_this_free_sauce_vsts_sounds_drum_kits_sites_ija_a1b14jk/slice_03n012.wav	slice_03n012.wav	wav	drums	6.00	44100	2		1058776	1783747910
